1792 3125
882 172 939 246 15

210 306 257 349 in
286 319 337 349 eo
370 301 758 363 reprehendebant.
817 300 1076 346 Plutarchus
1095 304 1140 358 1),
1170 308 1220 345 ut
1249 316 1386 345 unum
1417 300 1610 355 afferam,

210 373 495 432 Aristophani
537 372 671 429 longe
710 371 878 429 praefat
914 371 1220 426 Menandrum,
1266 379 1314 415 ut
1360 372 1434 429 qui
1474 369 1610 413 multo

211 443 389 502 politior
419 448 551 500 atque
572 440 813 497 elegantior
841 440 911 485 sit.
973 440 1135 484 Contra
1155 440 1393 495 Lucianus,
1421 441 1500 483 etsi
1520 454 1611 482 non

213 513 276 555 ita
303 526 436 569 saepe
466 512 607 569 ipsum
642 516 816 567 poetam
850 516 1062 552 memorat
1090 525 1172 553 nec
1204 510 1352 553 multis
1381 507 1526 552 verbis
1557 507 1612 550 de

215 582 309 639 ejus
341 582 385 623 vi
415 580 588 637 poetica
627 579 823 636 exponit,
868 584 987 622 tanto
1018 585 1163 621 tamen
1199 578 1339 622 studio
1371 580 1416 621 in
1447 579 1613 621 Aristo-

213 650 360 707 phane
406 647 643 692 lectitando
688 647 988 706 imitandoque
1027 647 1298 701 versabatur,
1346 654 1395 690 ut
1425 661 1523 689 eum
1557 661 1614 689 ex

214 718 511 777 Aristophane
529 723 667 761 totum
687 716 881 776 pendere
893 718 996 776 jure
1017 716 1151 760 dicas.
1183 716 1334 775 Ipsum
1352 715 1613 767 Lucianum‚

216 794 488 847 quantopere
504 802 563 830 ex
582 787 806 831 comoedia
824 802 1062 845 suspensus
1079 788 1146 838 sit,
1172 788 1355 829 minime
1370 786 1530 829 infitias
1554 787 1617 828 ire

218 856 463 915 complures
485 856 643 901 docent
668 856 767 902 loci.
828 856 1065 914 Dialogum
1093 856 1209 900 enim
1230 857 1457 909 comicum,
1487 870 1616 914 quem

217 942 245 970 a
274 942 321 970 se
351 928 579 971 inventum
608 926 821 983 gloriatur
848 927 992 972 Prom.
1026 942 1072 970 es
1101 926 1175 971 fin.
1198 926 1332 971 Dion.
1358 923 1401 981 5,
1432 927 1617 969 mixtum

219 995 325 1038 dicit
359 1010 454 1038 esse
481 1010 534 1039 ac
565 995 803 1038 conflatum
833 1011 890 1038 ex
921 995 1093 1039 duobus
1124 994 1368 1053 generibus,
1406 1009 1506 1037 cum
1534 994 1619 1037 alia

219 1067 452 1123 sumpserit
483 1081 509 1108 a
536 1065 711 1122 dialogo
734 1065 1053 1124 philosophico,
1085 1064 1206 1123 quali
1226 1065 1438 1123 imprimis
1466 1064 1618 1108 Socra-

218 1135 295 1177 tici
326 1137 395 1178 usi
424 1136 525 1190 sint,
560 1134 649 1178 alia
678 1150 703 1177 e
724 1135 950 1179 comoedia
980 1136 1026 1178 in
1046 1134 1209 1178 rivulos
1235 1149 1338 1177 suos
1359 1133 1618 1178 deduxerit:

221 1204 274 1249 cf.
305 1205 451 1247 Prom.
480 1201 510 1248 5
552 1205 629 1247 Bis
660 1219 800 1250 accus.
831 1201 889 1247 33
930 1205 1023 1259 (ubi
1053 1204 1365 1247 attendendum
1397 1203 1456 1246 ad
1484 1203 1621 1246 verba

221 1276 510 1330 συγκαθεῖρξε
548 1270 599 1316 τὸ
644 1272 828 1328 σκῶμμα
866 1274 937 1316 καὶ
986 1271 1063 1316 τὸν
1104 1273 1262 1329 ἴαμβον
1295 1274 1367 1316 καὶ
1405 1269 1622 1327 κυνισμὸν

221 1344 293 1387 καὶ,
320 1340 398 1386 τὸν
422 1340 627 1386 Ἕνπολιν
657 1343 729 1386 καὶ
758 1338 1112 1401 Ἀριστοφάνην).
1174 1342 1264 1386 Sed
1295 1349 1533 1401 antequam
1564 1340 1621 1384 ad

214 1412 531 1470 exponendam
560 1412 867 1468 Aristophanis
899 1413 1188 1455 imitationem
1219 1427 1246 1454 a
1268 1412 1468 1454 Luciano
1498 1411 1620 1453 insti-

222 1487 360 1526 tutam
388 1481 709 1540 perveniamus,
752 1496 915 1539 paucos
952 1480 1053 1525 illos
1085 1482 1203 1526 locos
1236 1496 1499 1532 enarremus,
1544 1478 1622 1522 ubi

224 1552 448 1595 Lucianus
471 1551 690 1609 judicium
719 1566 845 1594 suum
876 1550 1054 1608 profert.
1117 1551 1314 1605 Quorum
1336 1551 1641 1608 gravissimus

225 1628 291 1665 est
320 1622 365 1664 in
391 1621 503 1666 Adv.
530 1619 636 1678 hlud.
660 1617 731 1675 27,
779 1622 945 1679 quippe
974 1622 1050 1679 qui
1075 1636 1293 1664 summum
1323 1627 1497 1680 poetam
1531 1619 1626 1661 Ari-

226 1692 486 1749 stophanem
516 1705 543 1732 a
571 1689 767 1732 Luciano
799 1689 997 1733 habitum
1023 1705 1119 1733 esse
1151 1690 1269 1734 clare
1300 1690 1515 1734 ostendat.
1572 1689 1626 1731 In

225 1760 304 1804 illo
335 1761 468 1818 igitur
497 1760 640 1817 capite
673 1759 857 1816 scriptor
883 1775 940 1803 ex
959 1759 1137 1802 homine
1167 1761 1249 1803 isto
1271 1759 1461 1814 indocto,
1495 1774 1626 1817 quem

226 1828 531 1885 castigandum
575 1827 659 1871 sibi
691 1829 932 1885 proposuit,
980 1829 1169 1886 quaerit,
1213 1844 1428 1887 quosnam
1455 1828 1629 1887 potissi-

226 1913 349 1942 mum
377 1897 513 1941 libros
541 1896 758 1955 perlegat;
787 1897 948 1941 deinde
970 1899 1156 1956 optimos
1178 1898 1448 1955 singularum
1468 1898 1628 1941 artium

227 1973 425 2011 auctores
453 1973 681 2017 memorat,
713 1981 771 2010 ex
801 1966 1044 2010 oratoribus
1077 1968 1354 2022 Aeschinem,
1387 1982 1412 2009 e
1438 1966 1638 2027 philoso7

227 2037 326 2096 phis
356 2035 586 2080 Platonem
618 2041 660 2079 et
679 2035 994 2090 Antisthenem,
1023 2051 1049 2079 e
1077 2037 1219 2094 poetis
1252 2036 1451 2080 iambicis
1475 2034 1628 2079 Archi-

228 2106 406 2149 lochum
450 2112 493 2149 et
534 2106 877 2164 Hipponactem,
927 2121 953 2149 e
998 2108 1172 2150 comicis
1201 2106 1538 2164 Aristophanem
1586 2110 1630 2147 et

229 2175 436 2234 Eupolin.
495 2175 670 2219 Deinde
698 2175 805 2220 locis
835 2177 947 2221 inter
975 2192 1022 2220 se
1043 2175 1273 2219 simillimis
1293 2175 1405 2222 Pisc.
1427 2172 1499 2222 25.
1551 2174 1628 2217 Bis

231 2260 322 2291 acc,
352 2242 410 2288 33
440 2244 539 2288 illos
570 2252 720 2302 poetas
750 2272 807 2277 ——-
836 2261 946 2304 quos
978 2246 1159 2303 quidem
1181 2260 1355 2303 semper
1375 2245 1629 2303 conjunctos

232 2321 542 2359 commemorat
560 2341 617 2348 —
644 2315 756 2359 mira
786 2314 892 2358 dicit
921 2314 1179 2359 excelluisse
1209 2316 1254 2359 vi
1284 2316 1331 2359 in
1357 2314 1629 2373 gravissimis

231 2384 480 2444 quibusque
511 2385 641 2430 rebus
671 2384 937 2432 deridendis.

329 2540 363 2582 1)
387 2539 439 2573 Cf.
463 2538 558 2573 Plut.
581 2537 772 2589 Σύγκρισις
796 2536 1100 2589 Ἀριστοφάνους
1123 2539 1189 2574 καὶ
1213 2532 1439 2589 Μενάνδρου
1462 2538 1632 2582 (Moralia

233 2596 290 2632 ed.
317 2596 501 2642 wyttenb.
527 2599 600 2633 vol.
630 2599 695 2643 IV)
721 2598 836 2634 Aliter
856 2598 1037 2641 Judicavit
1062 2598 1183 2641 Quint.
1210 2599 1255 2633 X.
1286 2600 1315 2641 1,
1341 2598 1398 2632 65.
