1792 3125
897 120 954 178 18

220 246 369 307 phane
398 247 516 292 idem
544 247 755 306 praebeat
782 247 1038 304 subsidium,
1080 247 1199 307 quod
1227 248 1275 297 in
1306 246 1471 303 fabulis
1497 247 1627 311 1³1⁸,ss

219 317 323 360 tinis
370 331 687 376 saepenumero
729 331 786 361 ex
814 312 1036 376 Appulejo
1065 316 1301 375 petendum
1333 322 1411 363 est.
1470 315 1630 376 Simile

221 387 475 445 exemplum
508 387 654 432 statim
682 385 987 445 adjungemus

336 478 482 523 Unico
531 479 648 523 enim
689 478 787 522 loco
830 479 904 537 qui
940 484 1006 522 est
1043 478 1089 521 in
1129 477 1204 524 Ar.
1233 476 1317 523 Av.
1346 473 1436 522 515
1477 477 1627 536 aquila

218 547 342 592 Jovis
374 548 468 592 avis
498 548 658 592 dicitur
689 548 736 592 in
760 549 899 606 patris
931 547 1115 591 deorum
1138 545 1456 605 hominumque
1482 547 1626 605 capite

220 617 472 661 considere:

622 712 671 719 -—
701 711 760 730 -.
791 683 817 729 ὅ
846 681 962 734 Ζεὺς
988 681 1071 743 γὰρ
1107 710 1155 716 -
1191 710 1245 717 -

219 749 353 801 ἇετὸν
383 751 508 812 ὄρνιν
535 752 713 814 ἕστηκεν
742 753 852 808 ἔχων
886 751 961 797 ἐπὶ
988 754 1067 811 τῆς
1096 752 1286 811 κεφαλῆς
1311 750 1514 808 βασιλεὺς
1543 751 1622 797 div:

219 846 338 904 quod
378 861 478 889 cum
507 845 684 890 Kockio
722 844 1030 903 Aristophanis
1065 845 1293 902 interpreti
1322 845 1622 889 recentissimo

216 914 350 974 plane
381 914 643 960 incredibile
669 913 913 968 videretur,
957 927 1113 958 vocem
1151 913 1340 972 κεφαλῆς
1370 919 1622 973 corruptum

218 1000 314 1029 esse
359 986 546 1044 conjecit
587 999 645 1027 ex
692 984 906 1042 σκυτάλης
936 983 1009 1027 vel
1051 982 1181 1026 simili
1210 981 1359 1041 aliquo
1389 982 1621 1039 vocabulo,

217 1054 336 1112 quod
367 1055 413 1098 in
443 1053 676 1098 ridiculum
707 1058 898 1097 verteret
929 1052 1104 1097 solitam
1135 1053 1358 1096 notionem
1379 1052 1619 1111 σκῆπτρον.

214 1122 314 1166 Non
347 1123 612 1174 dubitamus,
661 1124 768 1180 quin
801 1122 1003 1165 Kockius
1042 1121 1162 1164 illam
1201 1121 1498 1180 conjecturam
1530 1137 1620 1166 non

213 1192 527 1249 proposuisset,
558 1192 595 1234 si
623 1195 754 1234 antea
785 1191 1049 1248 inspexisset
1078 1190 1187 1236 Luc.
1209 1189 1345 1233 Deor.
1368 1189 1500 1234 Conc.
1521 1204 1558 1233 c.
1579 1187 1619 1244 8,

214 1259 290 1303 ubi
319 1259 491 1303 Momus
520 1259 624 1304 Jovi
651 1260 714 1302 sic
744 1260 1034 1303 conviciatur:
1081 1255 1237 1304 οὐκοῦν
1266 1258 1380 1317 μηδὲ
1404 1260 1513 1316 περὶ
1542 1259 1620 1303 τοῦ

214 1322 346 1373 αἐτοῢ
378 1327 504 1383 εἴπω,
534 1324 606 1372 ὅτι
636 1329 709 1372 καὶ
737 1319 861 1377 οὗτος
891 1326 939 1372 ἐν
966 1327 1028 1385 τῷ
1060 1326 1228 1385 οὐρανῷΙ
1252 1325 1372 1372 ἔστιν
1400 1325 1475 1372 ἐπὶ
1493 1342 1619 1385 κεφα-

212 1397 292 1454 λὴν
332 1407 404 1440 σοι
439 1395 682 1441 νεοττεύων
720 1395 831 1444 θεὸς
868 1391 980 1440 εἶναι
1016 1396 1182 1446 δοκῶν;
1226 1397 1302 1455 qui
1333 1396 1470 1452 locus,
1517 1411 1617 1439 cum

212 1471 411 1524 apertam
452 1480 659 1510 versuum
703 1464 1124 1523 Aristophaneorum
1168 1466 1454 1510 imitationem
1484 1466 1618 1510 conti-

211 1541 326 1591 neat,
356 1534 581 1592 vulgatam
613 1535 847 1579 lectionem
877 1535 1072 1594 κεφαλῆς
1106 1536 1280 1592 egregie
1308 1541 1470 1579 tuetur.

326 1617 555 1674 Πρύνινος,
585 1616 705 1674 quod
740 1617 923 1675 propria
953 1606 1273 1673 significatione
1303 1622 1368 1659 est
1393 1616 1614 1673 „iliceus“‚

209 1685 330 1743 apud
358 1686 699 1744 Aristophanem
742 1685 862 1729 haud
902 1700 1003 1729 raro
1048 1685 1106 1729 ad
1151 1699 1222 1728 res
1261 1684 1533 1729 firmissimam
1574 1692 1617 1729 et

209 1753 470 1797 indelebiles
501 1753 783 1809 transfertur,
829 1769 912 1797 nec
940 1756 1086 1798 minus
1124 1753 1322 1797 homines
1359 1755 1526 1798 strenui
1562 1770 1615 1798 ac

208 1822 345 1866 validi
368 1821 579 1864 dicuntur
597 1825 793 1879 πρίνινοι
813 1823 1033 1880 (πρῖνος).·
1065 1821 1122 1868 cf.
1144 1822 1335 1868 Acharn.
1357 1819 1454 1868 1802
1478 1813 1619 1881 vesp(

206 1886 310 1939 383.
341 1887 441 1937 877.
471 1887 571 1937 909.
615 1890 727 1936 Ran.
758 1887 859 1937 859.
936 1890 1072 1934 Hunc
1116 1906 1258 1947 usum,
1308 1905 1439 1949 quem
1479 1892 1614 1936 ceteri

207 1961 376 2013 comici,
420 1966 634 2018 quantum
680 1960 857 2016 scimus,
902 1961 1081 2003 omnino
1130 1959 1348 2017 fugerunt,
1392 1960 1613 2005 Lucianus

206 2028 441 2088 amplexus
478 2035 543 2073 est
581 2029 627 2073 in
658 2028 730 2073 De
755 2029 871 2076 Hist.
902 2025 944 2085 8,
984 2028 1168 2075 athletas
1210 2028 1422 2088 quosdam
1451 2045 1613 2075 vocans

205 2100 445 2156 πρινύνους.
1642 2099 1648 2101 ’

322 2178 483 2224 Piscat.
504 2174 564 2222 20
594 2177 820 2222 Lucianus
853 2192 901 2221 se
932 2179 1040 2221 dicit
1069 2180 1248 2223 minime
1276 2180 1482 2236 ignorare
1514 2178 1611 2239 (τὴν

205 2252 377 2306 τέχνην)
406 2244 488 2304 τὴν
519 2241 613 2292 ἀπὸ
644 2246 723 2291 τοῦ
751 2247 853 2304 φιλο
881 2244 963 2306 τὴν
991 2244 1129 2307 ἀρχὴν
1155 2245 1366 2303 ἔχουσαντ
1399 2248 1475 2293 ubi
1495 2248 1610 2294 male

202 2315 603 2360 Sommerbrodtius
634 2315 835 2359 codicum
856 2317 1117 2375 scripturam
1145 2318 1276 2375 φίλου
1296 2318 1489 2374 retinuit,
1519 2334 1608 2363 non

203 2385 434 2430 attendens
478 2390 654 2444 sumpta
692 2399 744 2430 ea
782 2399 878 2429 esse
912 2400 971 2430 ex
999 2387 1076 2433 Ar.
1107 2385 1238 2446 Vesp.
1273 2384 1330 2431 7¹7
1360 2383 1451 2444 οὔκ,
1474 2383 1606 2432 -ἆλλὰ

202 2455 307 2512 φιλο
344 2457 428 2511 μὲν
467 2451 589 2499 ἔστιν
629 2451 745 2515 ἀρχὴ
783 2455 861 2499 τοῦ
894 2455 1045 2512 κακοῦ,
1086 2471 1219 2516 quem
1254 2455 1400 2500 locum
1436 2458 1604 2515 primus

201 2523 405 2569 Halmius
436 2522 632 2571 contulit.
