1792 3125
860 144 918 193 19

311 268 378 318 Τὰ
403 270 571 330 ἄλφιτα
587 287 641 317 ea
670 272 999 330 significatione,
1030 279 1079 317 ut
1108 275 1195 318 sint
1221 276 1396 319 omnino
1428 289 1496 319 res
1525 276 1583 319 ad

190 342 324 386 vitam
354 341 602 398 degendam
636 342 921 397 necessariae,
953 357 1056 385 vere
1097 349 1162 385 est
1188 343 1582 401 Aristophaneum:

190 409 244 453 cf.
274 409 388 455 Nub.
420 407 518 456 176.
552 409 669 453 Plut.
698 406 785 454 219
815 409 871 456 al.
930 409 1097 454 Eodem
1126 411 1256 455 modo
1287 412 1479 471 loquitur
1498 412 1583 456 Lu-

191 480 364 526 cianus:
411 479 522 522 Tim.
552 476 610 523 37
638 477 768 523 ἱκανὰ
793 479 865 522 καὶ
893 479 1049 537 διαρκῆ
1075 478 1157 533 ἔχω
1188 479 1245 524 τὰ
1273 478 1434 539 ἄλφιτα
1462 477 1585 540 παρὰ

189 547 264 607 τῆς
287 544 493 607 δικέλλης.
542 547 675 595 Mero.
698 547 839 600 Qond.
859 545 887 593 6
916 546 1155 606 ἐκπορίζειν
1188 544 1243 594 τὰ
1272 547 1450 608 &marm
1481 550 1581 598 add.

190 615 308 660 Gall.
340 615 381 661 1.
408 617 510 675 Jup.
542 617 674 675 Trag.
703 613 775 663 48.

304 685 526 730 Lucianus
553 687 601 729 in
630 685 741 731 Pisc.
772 682 831 730 47
862 684 1146 743 philosophos
1177 685 1276 730 illos
1307 686 1584 741 recentiores,

190 754 267 812 qui
305 759 501 798 veterum
539 760 773 812 praecepta
812 754 981 797 virtutis
1028 754 1142 797 male
1187 762 1438 813 sequantur,
1482 754 1587 797 dicit

190 817 432 872 ἀλωπεκίας
478 818 507 881 ἢ
536 821 878 881 πιθηκοφόρους
914 823 941 868 i.
979 838 1015 866 e.
1047 822 1246 868 homines
1283 825 1409 881 signo
1444 823 1585 881 vulpis

186 897 265 935 aut
310 892 464 935 simiae
510 906 639 935 omne
681 893 728 934 in
765 897 938 949 tempus
968 898 1151 939 notatos
1212 893 1471 937 Rectissime
1497 894 1585 936 iam

189 959 297 1004 olim
330 963 550 1006 Gesnerus
595 960 763 1005 monuit
810 975 863 1004 ea
902 960 1160 1020 deprompta
1203 977 1300 1007 esse
1332 978 1388 1006 ex
1418 960 1587 1006 Aristo-

188 1030 346 1087 phane,
390 1031 465 1089 qui
497 1032 543 1073 in
570 1030 685 1074 Nub.
716 1046 753 1074 v.
787 1026 845 1074 23
886 1036 928 1073 et
971 1046 1013 1074 v.
1045 1028 1131 1077 122
1170 1038 1384 1077 memorat
1426 1047 1586 1090 equum

188 1103 437 1146 κοππατίαν
479 1106 522 1144 et
561 1100 794 1159 σαμφόραν
837 1099 909 1155 (cf.
934 1100 1046 1144 Luc.
1076 1100 1190 1148 Adv
1222 1098 1379 1148 Ind.5
1348 1113 1396 1147 οε
1445 1101 1587 1146 ἵππον

189 1168 512 1227 κοππαφόρον).

306 1237 598 1295 Σκινδάλαμοι
622 1233 886 1302 (scindulae)
915 1238 971 1281 ab
1001 1252 1089 1282 uno
1114 1238 1420 1297 Aristophane,
1448 1254 1586 1298 quan-

188 1313 281 1351 tum
303 1307 505 1366 equidem
531 1309 636 1363 scio,
674 1307 731 1350 ad
753 1307 1059 1365 significandas
1086 1307 1207 1352 leves
1227 1309 1424 1365 argutias
1445 1314 1583 1352 trans-

190 1375 406 1420 fenmtur:
452 1376 567 1421 Nub.
598 1373 696 1421 130.
740 1375 852 1420 Ran.
883 1373 980 1420 819.
1040 1375 1248 1420 Similiter
1276 1391 1430 1420 vocem
1463 1392 1585 1420 usur-

189 1447 313 1503 pavit
340 1440 564 1489 Lucianus
591 1445 636 1487 in
664 1444 784 1491 Diss.
818 1459 856 1488 c.
886 1445 990 1491 Hes.
1018 1442 1049 1489 5
1086 1445 1406 1501 σκινδαλάμους
1434 1445 1484 1490 δὲ
1513 1448 1585 1489 καὶ

189 1511 386 1563 ἇκάνθας-
409 1511 530 1564 τινὰς
554 1512 747 1570 &aerata

260 1614 263 1618 -
305 1582 417 1627 Cum
437 1585 514 1631 Ar.
539 1583 622 1630 Av.
639 1580 728 1628 994
756 1586 822 1632 τίς
851 1580 1086 1642 ἡ’πίνοια;
1117 1586 1180 1632 τίς
1213 1580 1239 1625 ὅ
1268 1583 1486 1641 κόθορνος
1512 1583 1587 1643 τῆς

192 1650 301 1697 όδοῦ
338 1654 426 1697 iam
461 1654 585 1711 prius
614 1653 872 1711 interpretes
901 1652 1180 1695 contulerunt
1207 1651 1315 1698 Luc.
1346 1656 1462 1697 Men.
1490 1668 1527 1695 c.
1556 1650 1586 1696 2

189 1726 255 1771 τίς
297 1720 325 1781 ἡ
363 1720 543 1768 ἐπίνοιά
580 1733 661 1766 σου
697 1722 771 1780 τῆς
809 1720 1008 1765 καθόδου
1041 1719 1235 1776 §rave-*tm
1283 1724 1346 1770 τίς
1374 1722 1425 1764 δὲ
1455 1719 1481 1765 ό
1512 1724 1587 1781 τῆς

191 1794 374 1848 πορείας
397 1788 584 1850 ἡγεμώνς
626 1790 680 1837 cf.
710 1791 818 1835 Ran.
847 1788 920 1836 47.

310 1860 385 1907 An
418 1859 607 1904 Acharn.
652 1856 760 1904 125:
815 1859 949 1903 ταῦτα
993 1854 1087 1916 δῆτ’
1135 1852 1212 1901 οὐκ
1258 1855 1441 1916 ἆγχόνη;
1488 1860 1514 1914 i.
1549 1873 1587 1902 e.

193 1943 368 1984 „nonne
406 1928 517 1973 haec
543 1943 613 1973 res
640 1929 700 1974 ita
731 1933 981 1987 comparata
1010 1933 1088 1983 est,
1119 1933 1167 1971 ut
1194 1926 1251 1971 ad
1283 1927 1490 1986 laqueum
1516 1943 1587 1971 me

191 1999 330 2056 possit
356 1997 677 2057 compellere?“
739 1998 952 2055 Respexit
987 1997 1096 2040 haec
1129 1996 1351 2040 Lucianus
1394 1998 1442 2039 in
1473 1997 1585 2056 Tim.

190 2065 269 2114 45:
297 2063 460 2127 ἀγχόνη
489 2063 568 2126 γὰρ
596 2062 650 2112 ἂν
678 2066 728 2112 τὸ
760 2065 937 2125 πρᾶγμα
962 2069 1127 2121 γένοιτο
1158 2059 1301 2115 αὐτοῖς
1332 2066 1361 2110 i.
1390 2080 1428 2110 e.
1461 2080 1587 2120 „mea

193 2137 416 2196 opulentia
444 2137 545 2181 illos
578 2151 629 2180 eo
660 2135 902 2195 compellet,
930 2141 979 2179 ut
1009 2150 1104 2179 sese
1134 2135 1471 2193 suspendeant.“

309 2206 424 2250 Satis
467 2212 620 2251 notum
675 2211 742 2250 est
790 2205 993 2250 omnibus
1037 2204 1149 2248 illud
1192 2204 1415 2249 Xanthiae
1461 2206 1587 2258 servi,

194 2275 337 2336 qualis
380 2281 446 2321 est
490 2276 536 2320 in
565 2276 643 2321 Ar.
671 2274 799 2333 Rau„
843 2289 1014 2334 semper
1045 2275 1301 2334 repetentis:
1347 2275 1451 2333 περὶ
1481 2272 1586 2331 ἐμοῦ

193 2341 236 2389 δέ’
268 2340 412 2397 οὐδεὶς
441 2346 568 2402 λόγος
597 2347 658 2405 (v.
687 2343 759 2394 87.
785 2343 883 2393 107.
909 2342 1027 2403 115).
1088 2344 1211 2397 Quae
1242 2343 1419 2403 quidem
1451 2344 1588 2387 verba

287 2500 323 2544 1)
345 2499 472 2544 Longe
502 2497 608 2533 aliter
632 2497 830 2543 comparati
863 2499 947 2532 sunt
978 2496 1200 2541 tragicorum
1231 2496 1303 2531 loci
1330 2495 1486 2540 quidm,
1525 2495 1587 2531 ubi

193 2559 259 2595 illa
282 2567 354 2594 vox
378 2557 535 2603 legitur:
558 2557 604 2593 cf.
628 2555 713 2591 Eur.
736 2555 868 2591 Bacch.
895 2555 976 2593 246.
1023 2554 1132 2600 Soph.
1156 2553 1244 2590 Oea.
1272 2555 1314 2589 R.
1346 2554 1447 2590 13⁷4.

1334 2622 1379 2658 2*
