1792 3125
868 172 928 219 39

201 303 254 347 In
298 301 502 346 omn-ibus
542 301 632 356 eis,
661 315 774 359 quae
816 300 949 343 tradit
994 301 1049 344 de
1079 301 1249 359 origine
1268 304 1298 356 ι)
1329 302 1601 359 pantomimi,

201 372 256 417 de
291 369 415 413 chori
458 369 801 427 saltatorumque
840 369 1050 426 partibus,
1100 370 1155 412 de
1191 370 1438 414 fabularum
1472 386 1602 429 argu-

201 440 373 494 mentis,
421 453 598 497 prorsus
627 437 761 481 fidem
793 437 834 481 ei
865 437 1114 481 habendam
1145 453 1239 482 esse
1270 438 1427 483 docent
1457 440 1543 484 loci
1573 457 1602 485 a

203 509 396 566 Grysaro
415 509 448 560 2)
480 522 535 550 ex
568 506 663 549 aliis
694 505 976 564 scriptoribus
1006 506 1165 549 collati.
1222 506 1364 551 Aliter
1390 522 1461 551 res
1481 523 1598 552 com-

201 582 353 637 parata
387 582 453 620 est
485 577 531 620 in
565 576 640 631 eis,
684 589 797 633 quae
829 573 884 618 de
915 575 1283 632 pantomimorum
1314 575 1526 634 dignitate
1557 584 1600 621 et

200 645 388 689 utilitate
432 660 603 688 summa
648 659 748 687 cum
792 643 1046 687 laudatione
1091 645 1283 702 exponit.
1353 644 1406 687 In
1442 646 1599 703 quibus

202 731 290 759 non
317 714 453 759 semel
483 714 617 758 fidem
658 715 698 758 ei
725 713 1027 771 abrogandam
1057 729 1287 760 censemus
1298 714 1345 769 ⁸).
1404 714 1600 759 Primum

202 785 393 841 scriptor
430 786 551 842 justo
602 784 746 841 magis
792 783 987 827 celebrat
1032 799 1295 841 organorum
1326 789 1600 836 concentum,

202 868 331 912 quem
377 852 557 911 quidem
587 851 856 911 pulcherime
895 852 1122 896 inventum
1156 857 1199 896 et
1229 852 1509 896 constitutum
1539 851 1602 896 di-

201 923 282 965 cit:
343 927 389 963 at
440 922 568 964 istam
587 969 597 979 l
625 924 924 977 παναρμονίαν
967 922 1111 979 potius
1152 936 1334 978 pravam
1380 921 1601 978 quandam

199 990 369 1033 aurium
400 989 711 1042 titillationem,
741 1004 871 1047 quam
902 1005 1007 1033 vere
1036 990 1265 1048 pulchram
1295 989 1601 1048 symphoniam

199 1059 333 1102 fuisse
375 1065 417 1101 et
446 1058 599 1102 Ovidii
645 1073 795 1102 versus
824 1064 953 1102 antea
977 1058 1136 1103 allatus
1166 1059 1293 1102 docet
1323 1064 1367 1102 et
1391 1059 1487 1116 ipse
1510 1057 1598 1101 Lu—

199 1129 351 1172 cianus
398 1127 502 1172 facit
549 1134 596 1171 ut
641 1127 891 1183 videamus3
950 1127 1082 1172 Grato
1137 1128 1252 1172 enim
1298 1126 1599 1186 philosophus,

198 1212 328 1256 quem
358 1197 658 1255 disputantem
689 1196 867 1250 inducit,
912 1199 995 1240 ista
1036 1199 1187 1241 omnia
1226 1212 1348 1240 mera
1376 1196 1599 1254 κρούματα

200 1268 272 1310 καὶ
303 1270 590 1325 τερετίσματα
617 1265 743 1310 dicit:
804 1265 859 1311 cf.
902 1281 939 1312 6.
971 1263 1013 1311 2.
1074 1266 1210 1310 Porro
1245 1266 1429 1325 quisque
1467 1264 1598 1309 facile

201 1337 248 1378 in
278 1351 373 1379 eam
403 1337 663 1378 sententiam
684 1334 905 1390 concedet,
937 1341 986 1378 ut
1014 1351 1083 1379 res
1112 1337 1158 1378 in
1180 1350 1275 1393 cap.
1295 1333 1352 1380 35
1375 1335 1598 1392 expositas

200 1405 338 1462 magis
384 1403 742 1448 declamationem
784 1404 1062 1463 sophisticam
1109 1402 1319 1457 redolere,
1366 1418 1498 1463 quam
1539 1402 1597 1447 ad

199 1475 425 1517 veritatem
467 1474 756 1516 conformatas
798 1488 894 1516 esse
923 1474 1168 1520 arbitretur.
1229 1473 1442 1516 Similiter
1480 1472 1597 1530 judi:

201 1541 391 1586 candum
419 1556 513 1586 esse
534 1542 589 1585 de
611 1541 863 1586 saltatorum
883 1543 1156 1601 praestantia
1175 1546 1340 1586 certum
1361 1540 1595 1585 habemus:

200 1613 276 1670 qui
307 1613 388 1655 etsi
416 1626 516 1654 cum
547 1610 766 1654 comoedis
796 1617 889 1654 tum
917 1612 1137 1670 tragoedis
1165 1611 1300 1669 longe
1327 1617 1596 1668 anteponun-

198 1687 269 1725 tur
318 1695 450 1738 saepe
482 1686 628 1724 tamen
661 1694 734 1735 ea,
782 1694 895 1738 quae
923 1680 1098 1738 agenda
1129 1679 1303 1736 fuerint,
1350 1680 1596 1738 corrupisse

197 1752 294 1808 ipse
324 1750 545 1793 Lucianus
588 1748 714 1792 docet
757 1763 793 1791 6.
826 1746 896 1794 80.
925 1746 995 1796 82.
1027 1747 1097 1796 83.
1156 1750 1294 1793 Porro
1325 1754 1596 1807 quantopere

197 1834 253 1863 ex
282 1819 575 1878 sophistarum
605 1817 818 1862 laudandi
847 1833 1010 1876 genere
1039 1819 1110 1862 hic
1136 1818 1341 1877 dialogus
1372 1817 1594 1877 profectus

197 1890 263 1943 sit,
313 1904 369 1933 ex
395 1904 449 1932 ea
477 1903 525 1931 re
558 1889 761 1943 cernitur,
811 1889 928 1947 quod
968 1889 1024 1932 de
1052 1890 1422 1948 pantomimorum
1453 1889 1595 1947 impu-

198 1959 350 2002 dentia
378 1964 420 2001 et
446 1956 732 2016 turpitudine,
763 1957 818 2000 de
848 1972 937 2016 qua
969 1973 1025 2001 ex
1051 1957 1148 2002 aliis
1173 1957 1458 2015 scriptoribus
1488 1958 1594 2001 satis

197 2034 365 2072 constat
375 2028 424 2083 ⁴),
469 2027 694 2070 Lucianus
739 2041 827 2070 uno
876 2033 1059 2086 excepto
1108 2026 1205 2070 loco
1250 2030 1304 2079 (6.
1346 2022 1421 2081 83)
1465 2032 1594 2082 tacet,

290 2191 326 2236 1)
355 2191 576 2234 Quamquam
602 2199 693 2234 quae
720 2190 764 2224 de
798 2190 914 2234 prima
940 2190 1042 2226 illius
1072 2191 1161 2226 artis
1186 2189 1329 2235 origine
1353 2199 1384 2225 6.
1409 2191 1442 2224 7.
1467 2191 1489 2224 8
1513 2201 1593 2225 nar-

194 2253 261 2293 rat,
286 2248 331 2284 ad
360 2252 524 2293 tempora
548 2248 717 2284 fabulosa
749 2258 827 2283 eam
860 2249 1026 2293 referens,
1064 2249 1171 2296 plena
1194 2251 1278 2284 sunt
1307 2247 1591 2284 declamationis.

194 2308 363 2351 Sequitur
391 2311 512 2340 tamen
537 2307 717 2341 Lucienus
754 2317 977 2341 communem
1002 2308 1178 2351 quandam
1202 2308 1420 2342 Graecorum
1447 2317 1591 2341 consue-

193 2365 367 2409 audinum,
393 2364 437 2399 de
463 2376 534 2410 qua
557 2365 716 2410 disputat
746 2364 856 2399 Wolf.
882 2365 1030 2410 Prolog.
1059 2365 1104 2399 ad
1129 2365 1234 2400 Hom.
1264 2377 1299 2411 p.
1323 2364 1383 2399 LI.

286 2425 322 2467 2)
346 2423 414 2457 Rh.
437 2424 532 2457 Mus.
562 2424 664 2467 1833,
692 2426 704 2458 1
734 2434 768 2467 p.
793 2424 838 2458 30
864 2434 916 2466 sq.

286 2482 323 2524 3)
348 2480 457 2515 Recte
489 2480 668 2524 judicavit
705 2480 928 2524 Hertzborg:
976 2480 1106 2515 Gesch.
1146 2479 1208 2514 Gr.
1244 2482 1320 2514 unt.
1357 2479 1391 2514 d.
1419 2479 1519 2514 Rom.
1541 2479 1588 2513 11.

192 2551 228 2586 p.
253 2540 334 2575 508.

286 2600 322 2644 4)
347 2599 463 2634 Locus
487 2598 652 2643 inprimis
676 2596 919 2635 memorzbffie
947 2601 1003 2633 est
1030 2597 1068 2631 in
1096 2597 1192 2633 Plin.
1214 2596 1328 2641 Epist.
1352 2595 1433 2634 vn.
1459 2597 1517 2631 24.
