1792 3125
855 119 913 167 14

181 245 276 305 ejus
306 260 479 305 semper
509 248 686 305 egregie
712 255 1011 308 comparatas:
1044 249 1130 294 Pro
1160 249 1240 297 Im.
1262 246 1332 295 19.
1392 251 1587 296 Omnino

181 314 313 360 laude
343 315 505 374 dignus
535 322 602 360 est
630 317 870 374 Lucianus,
904 319 980 378 qui
1017 318 1174 378 legerit
1203 321 1399 364 carmina
1421 319 1587 364 Pinda-

180 387 274 429 rica
309 386 398 430 iam
436 386 494 430 ab
524 386 754 445 Eupolidis
793 388 1051 447 aequalibus
1085 394 1265 448 propter
1299 390 1489 434 nimium
1516 403 1587 433 ve-

180 455 353 498 tustatis
384 454 577 499 colorem
608 456 828 513 neglecta:
858 456 913 503 cf.
942 458 1103 503 Athen.
1135 458 1170 501 Ι.
1200 473 1243 516 p.
1273 455 1338 504 3⁸.

299 524 592 581 Theognis
624 523 798 569 duobus
825 525 935 570 locis
967 526 1040 571 De
1059 527 1195 573 Merc.
1221 526 1362 574 Cond.
1381 525 1423 573 5.
1455 527 1585 585 Apol.

181 593 251 637 10.
278 593 334 636 11
384 594 540 636 citatur
571 608 671 637 cum
700 596 1052 652 reprehensione,
1094 597 1258 655 quippe
1288 596 1364 654 qui
1397 595 1454 640 de
1482 610 1587 654 pau-

180 663 360 721 pertatis
404 676 537 706 onere
572 663 703 706 nimis
741 670 1056 723 conqueratur3
1102 664 1241 725 quid?
1290 663 1411 723 quod
1442 665 1589 723 priore

181 732 279 776 loco
308 734 423 775 inter
454 738 607 789 poetas
637 733 830 776 maxime
857 735 1042 791 ignavos
1077 734 1138 789 (οἱ
1168 731 1471 788 ἀγεννέστατοι
1499 733 1588 777 τῶν

180 805 393 861 ποιητῶν)
426 801 626 848 refertur.
683 802 738 845 In
767 803 1131 861 reprehendendo
1160 804 1244 847 hoc
1276 807 1407 861 poeta.
1434 802 1589 846 Lucia-

180 887 263 915 nus
299 871 471 915 Stoicos
500 872 715 930 quosdam
745 873 955 930 sequitur,
999 875 1089 932 qui,
1131 887 1231 916 cum
1265 872 1343 916 illa
1372 873 1507 916 verba
1542 874 1587 916 in

180 942 434 984 universum
465 942 606 997 posita
626 942 1045 998 esseopinarentur,
1076 943 1285 998 ignaviae
1313 947 1358 984 et
1378 941 1588 984 mollitiae
1665 973 1667 975 -

182 1012 350 1054 crimen
381 1011 428 1052 in
461 1008 765 1067 Theognidem
796 1011 1040 1069 conjecere:
1075 1010 1132 1054 cf.
1160 1010 1384 1054 Welckeri
1413 1010 1586 1068 Proleg.

181 1081 238 1124 ad
269 1079 518 1137 Theognid.
552 1095 595 1137 p.
625 1078 858 1125 LXXXV.

266 1151 426 1193 Poetas
474 1148 690 1206 quosdam
736 1148 1061 1192 Alexandrinos
1088 1149 1311 1192 Lucianus
1357 1165 1446 1192 uno
1489 1149 1586 1193 loco

152 1257 156 1259 .
179 1220 400 1276 vituperat
439 1219 515 1275 qui
555 1217 717 1273 legitur
747 1218 792 1260 in
820 1217 894 1260 De
921 1217 1037 1260 Hist.
1071 1232 1238 1263 consor.
1268 1215 1340 1273 57,
1388 1232 1493 1261 sano
1517 1219 1587 1276 ju-

180 1288 295 1331 dicio
339 1302 435 1331 sese
472 1301 702 1345 opponens
743 1286 818 1341 eis,
868 1287 944 1345 qui
988 1285 1089 1330 illos
1119 1293 1272 1345 poetas
1294 1291 1413 1343 Justo
1446 1288 1587 1344 magis

180 1356 508 1399 admirabantur
562 1362 605 1398 et
656 1355 939 1399 imitabantur
959 1358 1004 1410 ¹).
1090 1355 1411 1399 Callimachum
1459 1356 1589 1412 igitur

179 1425 511 1484 Euphorionem
540 1424 827 1468 Parthenium
868 1425 1085 1484 increpat,
1125 1431 1276 1484 utpote
1317 1426 1393 1484 qui
1432 1425 1587 1484 quavis

179 1496 283 1540 data
313 1497 543 1539 occasione
583 1510 653 1538 res
695 1495 835 1539 obiter
873 1495 1120 1552 tangendas
1151 1510 1323 1539 summa
1351 1494 1585 1538 verborum

179 1566 308 1623 copia
340 1580 392 1608 ac
416 1563 601 1608 molesta
627 1563 820 1623 quadam
846 1564 1111 1622 loquacitate
1136 1565 1376 1623 depingant
1391 1566 1437 1617 2).

821 1807 867 1866 ξ.
897 1805 938 1850 3.

294 1947 396 1992 Jam
425 1947 479 1989 ad
514 1945 788 1990 comoediam
813 1951 1099 1989 transeamus.
1161 1944 1582 2003 Aristophanem

179 2020 286 2064 satis
332 2023 504 2061 constat
549 2015 808 2075 aequalibus
854 2016 943 2058 suis
986 2013 1123 2058 multo
1166 2014 1306 2071 magis
1349 2013 1581 2072 placuisse,

177 2105 310 2149 quam
332 2087 568 2132 serioribus
589 2085 834 2138 Graeculis,
865 2086 940 2143 qui
967 2083 1146 2143 quidem
1175 2083 1294 2128 haud
1312 2098 1456 2142 pauca
1475 2083 1583 2128 vitia

277 2269 311 2307 1)
336 2264 389 2299 Cf.
420 2264 517 2297 Suet.
542 2261 622 2296 Tib.
650 2262 759 2296 LXX.
808 2260 1034 2304 Bernhardy:
1065 2260 1127 2294 Gr,
1153 2260 1225 2293 Lit.
1251 2259 1286 2292 13
1321 2260 1400 2293 556.
1451 2259 1579 2301 Quam-

178 2336 285 2369 quam
318 2325 389 2356 iam
413 2322 538 2355 Cicero
575 2323 765 2363 „cantores
791 2318 1055 2363 Euphorionis“
1088 2319 1322 2362 contemptim
1346 2317 1579 2362 perstringit:

177 2383 325 2419 Tuscul.
350 2381 416 2415 111.
445 2381 499 2413 19.
528 2381 560 2421 ξ.
584 2380 642 2412 45.
1363 2414 1367 2418 7

272 2442 308 2486 2)
341 2440 433 2474 Jure
472 2437 697 2472 Meinekium
735 2436 908 2482 (Euphor.
940 2436 1071 2480 fragm.
1102 2446 1137 2480 p.
1163 2435 1222 2479 51)
1265 2434 1436 2478 reJ'ecisse
1471 2433 1579 2469 eredo

177 2500 315 2546 Heynii
341 2500 486 2544 (Opusc.
514 2496 616 2531 acad.
640 2496 668 2530 I.
693 2497 755 2539 93)
779 2496 1012 2537 sententiam,
1046 2494 1232 2529 doctrinae
1259 2496 1400 2539 copiam
1434 2493 1480 2528 ab
1505 2493 1580 2527 illis

176 2560 293 2606 poetis
318 2557 517 2593 exhibitam
543 2553 755 2599 reprehendi
778 2555 858 2589 loco
883 2554 1078 2588 Lucianeo.
