1792 3125
891 96 953 145 ω

216 224 469 269 comoediae
498 224 738 269 imitatores
771 226 818 267 in
847 224 1057 269 auxilium
1083 225 1278 270 vocandi>
1293 229 1408 271 sunt.
1467 224 1622 269 Lucia-

215 308 299 337 nus
345 294 393 336 in
422 293 570 352 Fugit.
601 289 657 337 19
706 292 994 353 philosophos
1024 293 1239 353 quosdam
1282 293 1343 339 ait
1375 291 1622 352 impudenti

216 362 473 406 adulatione
519 361 652 420 longe
686 376 895 420 superare
921 362 1246 407 Gnathonidem
1290 369 1335 407 et
1365 361 1620 413 struthiam,

216 430 321 477 add„
352 431 467 476 Tim.
500 428 560 475 45
590 446 670 489 sq„
697 430 777 475 ubi
807 432 902 489 ipse
931 431 1235 475 Gnathonides
1261 430 1499 476 inducitur.
1548 429 1622 472 Ex

216 499 285 543 his
317 499 537 544 Struthias
562 501 607 543 in
637 499 872 544 Menandri
900 500 1061 544 Colace
1089 505 1178 544 tam
1209 500 1411 557 egregias
1440 499 1622 557 parasiti

216 573 261 611 et
292 566 536 612 adulatoris
561 574 708 626 partes
736 569 838 626 egit,
883 575 933 613 ut
959 583 1122 613 nomen
1153 569 1246 628 ejus
1276 568 1322 611 in
1341 566 1621 626 proverbium

216 636 357 681 abiret
376 632 423 701 ¹).
485 637 731 682 Gnathonis
771 637 883 697 (non
913 638 1090 697 quidem
1120 636 1430 692 Gnathonidis)
1458 650 1621 680 nomen

216 706 263 749 in
295 706 470 753 Terent.
497 706 718 750 Eunucho
747 721 845 751 esse
877 721 1029 751 omnes
1060 708 1215 753 sciunt.

336 775 390 819 In
416 775 527 819 Luc.
559 775 678 820 Gall.
710 774 767 820 14
796 775 928 820 homo
960 776 1154 835 quidam,
1185 777 1255 820 cui
1284 791 1448 821 nomen
1467 775 1621 819 Simon

217 844 291 889 vel
321 849 371 887 ut
402 844 498 902 ipse
526 844 697 888 mavult
724 844 972 888 Simonides
989 846 1022 901 2)
1033 876 1046 901 ,
1089 851 1323 904 postquam
1352 850 1534 903 repente
1563 858 1621 887 ex

217 914 477 972 pauperimo
506 913 628 957 dives
656 913 797 958 factus
829 920 907 969 est,
941 928 1157 958 summam
1189 914 1484 972 arrogantiam
1516 927 1621 971 prae

218 998 266 1026 se
296 982 412 1026 ferre
435 988 656 1039 narratum
687 983 847 1041 quibus
873 982 1001 1026 dictis
1026 981 1223 1026 additur:
1254 979 1307 1027 τὸ
1337 981 1387 1027 δὲ
1403 985 1621 1038 μέγιστον,

218 1049 302 1111 ἤδη
327 1052 399 1095 καὶ
425 1049 587 1108 ἐρῶσιν
617 1047 747 1096 αὑτοῦ
777 1051 825 1096 αἱ
850 1057 1058 1108 γυναῖκες,
1089 1049 1115 1096 ὅ
1148 1050 1197 1096 δὲ
1224 1050 1475 1109 θρύπτεται
1503 1047 1621 1108 πρὸς

218 1116 350 1170 αὐτὰς
390 1121 463 1165 καὶ
504 1118 708 1179 ὑπερορᾷ
749 1122 820 1166 καὶ
864 1116 940 1171 τὰς
983 1123 1067 1177 μὲν
1110 1123 1344 1180 προσίεται
1381 1121 1453 1165 καὶ
1496 1118 1622 1168 ἵλεώς

218 1188 356 1245 ἔστιν,
397 1189 443 1233 αἱ
472 1188 523 1234 δὲ
545 1187 805 1234 ἀπειλοῦσιν
835 1185 1095 1247 ἀναρτήσειν
1124 1188 1279 1238 ἑαυτὰς
1306 1187 1620 1246 ἀμελούμεναι

218 1259 481 1317 quibuscum
527 1257 660 1302 velim
707 1259 906 1303 conferas
951 1258 1096 1302 Plauti
1139 1258 1234 1306 Mil.
1280 1257 1402 1304 Glor.
1432 1254 1619 1303 60—72.

218 1324 509 1372 1037-1087
537 1327 590 1371 R.
620 1353 678 1360 —
704 1327 947 1386 Praecipue
974 1342 1079 1372 vero
1111 1327 1195 1371 hoc
1224 1327 1321 1371 loco
1363 1327 1404 1370 ei
1434 1326 1621 1371 Luciani

218 1396 363 1441 libelli
392 1396 522 1441 nobis
550 1396 816 1456 respiciendi
844 1402 957 1453 sunt,
985 1411 1096 1456 quos
1121 1412 1146 1441 e
1169 1395 1403 1441 comoediis
1424 1402 1620 1455 sumptos

219 1482 317 1511 esse
346 1465 477 1510 multi
497 1465 797 1520 observarunt,
826 1481 955 1511 nemo
986 1465 1139 1525 paullo
1158 1466 1335 1510 uberius
1356 1467 1560 1524 exposuit
1571 1468 1623 1521 ³),

218 1535 438 1595 Dialogos
468 1534 565 1580 dico
583 1534 863 1583 Meretricios‚
918 1535 1050 1591 Quod
1071 1535 1248 1595 quidem
1268 1536 1460 1579 maxime
1480 1535 1623 1579 elucet

219 1621 245 1648 e
274 1604 454 1663 Dialog.
484 1603 522 1650 Ι.
553 1604 635 1650 ΙΧ.
667 1605 795 1651 XIII.
825 1605 935 1649 XV:
981 1607 1027 1649 in
1060 1605 1219 1664 quibus
1252 1605 1413 1649 milites
1442 1605 1622 1663 gloriosi

219 1689 400 1733 prorsus
447 1673 612 1717 eisdem
646 1673 863 1719 coloribus
903 1680 1037 1733 atque
1076 1676 1122 1718 in
1149 1689 1266 1719 nova
1296 1674 1524 1719 comoedia
1550 1674 1623 1718 de-

219 1745 474 1801 pinguntur.
531 1742 585 1785 In
614 1741 733 1786 Dial.
765 1743 801 1790 Ι.
832 1742 969 1796 miles,
1001 1742 1057 1786 de
1088 1758 1175 1802 quo
1206 1749 1273 1787 est
1302 1758 1457 1800 sermo,
1484 1741 1621 1788 Acar-

219 1828 364 1857 nanus
383 1812 543 1856 dicitur
557 1814 607 1868 4),
635 1811 748 1857 alius
776 1813 824 1856 in
843 1812 1022 1870 Dialog.
1035 1812 1123 1857 XV
1153 1818 1219 1857 est
1232 1812 1418 1858 Aetolus
1438 1827 1622 1871 genere:

316 1932 349 1973 1)
374 1929 428 1963 De
452 1930 530 1973 ipsa
553 1928 677 1963 fabula
701 1928 747 1963 cf.
765 1927 1005 1965 Meinekrlv.
1033 1939 1069 1972 p.
1087 1929 1168 1963 152.
1216 1928 1390 1964 Addimus
1406 1928 1620 1975 Alciphron.

220 1990 249 2023 Ι.
273 1990 308 2023 9.
336 1987 403 2022 111.
430 1988 489 2021 43.
548 1986 603 2021 De
626 1986 809 2021 Struthiae
844 1986 991 2020 nomine
1027 1987 1103 2030 egit
1138 1986 1290 2021 Lorenz.
1320 1987 1376 2021 ad.
1400 1988 1517 2022 Plaut.
1544 1986 1621 2020 Mil.

219 2060 255 2093 p.
278 2047 350 2081 250
373 2049 450 2080 not.
474 2046 508 2079 5.

314 2105 350 2149 2)
378 2103 484 2138 Tales
520 2102 685 2138 homines
723 2102 916 2147 magnifica
948 2112 990 2137 ac
1031 2103 1131 2138 lauta
1157 2102 1304 2138 nomina
1331 2103 1402 2139 sibi
1438 2102 1622 2149 imponere

219 2164 348 2199 solitos
374 2172 453 2197 esse
476 2161 635 2196 ostendit
658 2161 841 2207 Theophr.
866 2161 1031 2199 Chat-act.
1055 2161 1215 2196 XXVIII
1238 2161 1300 2205 in„
1340 2171 1446 2205 quem
1472 2162 1622 2207 scripto-

221 2233 297 2257 rem
325 2232 345 2256 e
369 2219 564 2255 comoediis
587 2221 702 2255 multa
724 2220 872 2265 petiisse
896 2230 961 2264 pro
989 2221 1086 2253 certo
1113 2220 1292 2254 affirmare
1315 2219 1442 2255 ausim.

315 2281 351 2324 8)
375 2279 519 2313 Primus
546 2277 591 2312 de
623 2278 693 2313 hac
717 2289 758 2313 re
782 2278 888 2312 docte
912 2287 1083 2322 quaerere
1111 2277 1272 2313 institnit
1295 2269 1447 2312 Lorenz.
1471 2278 1509 2310 in
1536 2277 1621 2312 Exc.

221 2338 268 2374 ad
291 2339 410 2374 Plaut.
434 2336 514 2372 nil.

315 2398 355 2443 4)
375 2394 544 2439 Eiusdem
579 2394 740 2430 nationis
767 2395 871 2430 miles
889 2436 891 2438 ¹
907 2396 964 2430 est
992 2393 1088 2439 apud
1111 2393 1274 2439 Alciphr.
1296 2392 1363 2429 111.
1389 2394 1445 2437 16,
1469 2396 1510 2429 2:
1550 2403 1621 2438 quo

221 2456 303 2493 loco
338 2457 524 2500 praeterea
570 2453 675 2488 miles
709 2452 897 2488 Maliensis
932 2449 1133 2498 (Μαλιιύς)
1176 2455 1495 2496 commemoratur-3
1541 2451 1621 2486 add.

219 2514 287 2549 111.
315 2514 373 2549 58.
