1792 3125
850 220 853 222 -
889 164 972 240 '11

245 322 371 369 datis.
431 322 584 378 Pergit
612 321 774 365 deinde
801 322 863 365 sic
883 321 996 368 fere:
1029 321 1181 378 „Haec
1204 322 1311 366 dum
1331 322 1454 377 fiunt,
1486 323 1534 364 in
1553 336 1642 364 me-

244 391 428 435 moriam
456 389 566 432 mihi
595 389 766 433 rediere
794 388 873 432 illa
899 390 1151 434 Antimachi

424 462 578 503 Τοῖσιν
609 454 650 502 δ’
681 456 865 518 ὖλὴεντα
895 457 970 503 διὰ
997 457 1140 504 πλόον
1170 457 1483 518 ἔρχομένοισι.“

243 529 314 573 Ad
363 528 472 573 haec
518 527 785 587 explicanda
825 529 1062 573 rectissime
1091 528 1272 573 Stellius
1312 530 1358 572 in
1388 527 1538 572 libello
1568 529 1643 586 qui

245 597 497 643 inscribitur
527 599 717 652 „Antim
745 598 985 657 reliquiae“
1020 597 1237 656 (Dillenb.
1258 593 1390 661 1845)
1424 613 1458 644 s.
1488 597 1644 655 fragm.

245 665 303 712 74
333 666 476 711 attulit
505 666 651 714 Schol.
681 667 739 711 ad
770 668 979 712 Nicandr.
1013 667 1143 711 Ther.
1174 663 1275 722 295,
1315 682 1402 726 quo
1434 667 1644 711 Nicandri

246 736 342 780 loco
371 751 471 780 cum
502 750 593 780 vox
626 735 762 785 πλόος
793 738 849 781 de
879 738 1033 781 itinere
1064 738 1257 780 terrestri
1285 741 1497 794 usurpata
1516 743 1644 791 esset,

246 804 481 850 scholiasta
517 803 698 861 addidit,
745 806 966 851 interdum
1006 820 1106 850 eum
1150 821 1279 849 usum
1308 805 1427 863 apud
1463 806 1644 849 seriores

246 875 479 933 scriptores
527 874 813 931 deprehendi.
891 876 1116 919 Lucianus
1155 881 1302 919 autem
1342 874 1397 917 de
1433 875 1646 918 industria

245 960 335 989 non
363 943 603 1003 respiciens
633 945 765 988 totius
797 944 884 989 loci
915 945 1189 990 Antimachei
1212 959 1391 1000 nexum,
1422 959 1520 988 cum
1553 959 1646 987 ver-

246 1029 343 1058 sum
373 1013 499 1057 illum
528 1013 588 1056 ita
614 1013 780 1065 afferat,
812 1021 861 1057 ut
888 1014 1179 1058 Antimachus
1209 1015 1537 1071 navigationem
1567 1028 1647 1071 per

245 1083 380 1128 silvas
409 1082 570 1126 factam
594 1081 789 1126 indicare
807 1083 1022 1138 videatur,
1052 1089 1201 1141 aperte
1227 1082 1380 1126 irridet
1404 1083 1647 1141 quaesitum

247 1152 422 1196 dicendi
453 1165 592 1209 genus
624 1152 877 1195 Antimachi
907 1152 1151 1210 praefracte
1187 1159 1229 1196 et
1256 1152 1436 1196 obscure
1468 1152 1647 1209 loquen-

245 1222 322 1266 tis:
368 1236 455 1280 qua
501 1219 556 1263 de
593 1235 641 1264 re
672 1220 806 1279 plane
837 1223 1051 1265 consentit
1079 1222 1303 1266 Lucianus
1334 1236 1434 1265 cum
1462 1221 1646 1279 Dionys.

245 1290 388 1335 Halic.
420 1290 510 1346 (De
537 1290 693 1348 Comp.
721 1291 841 1335 verb.
872 1291 958 1336 vol.
982 1291 1037 1338 V.
1069 1307 1113 1349 p.
1136 1289 1221 1336 150
1250 1291 1335 1346 R),
1374 1306 1401 1333 a
1434 1306 1520 1348 quo
1552 1290 1647 1348 ejus

247 1360 380 1404 dictio
421 1359 649 1419 judicatur
679 1358 916 1418 ἄναρθρος,
965 1357 1013 1405 ἐν
1053 1361 1230 1409 πολλοῖς
1265 1355 1543 1418 ὑπεροπτικὴ
1571 1361 1649 1417 τῆς

244 1427 509 1478 ἀκολουθίας
516 1461 528 1485 ,
573 1424 726 1488 ἥκιστα
772 1425 967 1487 ἀνθηρὰ,
1017 1430 1320 1487 μεγαλόφρων,
1368 1427 1647 1481 αὐθέκαστος,

246 1493 538 1557 ἀκόμψευτος,
568 1495 645 1543 τὸν
674 1495 918 1557 ἀρχαϊσμὸν
946 1500 1017 1543 καὶ
1047 1497 1128 1544 τὸν
1147 1502 1278 1544 πίνον
1298 1497 1459 1553 ἔχουσα
1477 1496 1646 1547 κάλλος.

887 1721 927 1773 ξ.
966 1715 1008 1763 2.

363 1842 436 1885 Ex
461 1850 689 1902 poetarum
720 1843 959 1902 lyricorum
988 1859 1169 1887 numero
1191 1843 1526 1887 Archilochi
1559 1859 1647 1887 uno

247 1917 417 1956 tantum
437 1911 532 1957 loco
560 1913 822 1957 mentionem
841 1913 945 1957 facit
963 1913 1197 1969 Lucianus,
1231 1928 1512 1972 quamquam,
1544 1913 1649 1971 quid

248 1981 304 2036 de
334 1981 428 2039 ejus
460 1981 611 2027 indole
640 1997 692 2026 ae
721 1984 765 2027 vi
794 1984 967 2042 poetica
986 1984 1184 2039 senserit,
1217 1984 1320 2028 satis
1342 1982 1461 2027 clare
1482 1998 1539 2026 ex
1559 1982 1648 2026 illis

247 2050 390 2096 verbis
420 2054 737 2109 cognoscimus.
797 2052 851 2095 In
881 2052 1141 2109 Pseudolog.
1172 2053 1306 2109 igitur
1331 2068 1365 2097 c.
1400 2053 1439 2096 1.
1469 2050 1509 2097 2.
1567 2055 1648 2096 Ar-

249 2120 474 2165 chilochus
517 2136 691 2179 semper
735 2137 907 2166 summa
952 2121 1128 2165 dicendi
1174 2121 1375 2166 libertate
1416 2137 1521 2165 usus
1552 2137 1648 2165 esse

248 2191 426 2246 dicitur,
458 2205 687 2249 nunquam
718 2192 962 2235 carminum
991 2191 1226 2236 acerbitate
1257 2206 1447 2247 cessans,
1480 2192 1649 2235 etiamsi

247 2260 522 2305 adversarios
560 2260 633 2305 vel
663 2262 854 2306 maxime
893 2261 1070 2305 laedere
1100 2261 1341 2315 videbatur,
1388 2277 1541 2305 verum
1571 2262 1648 2305 ubi

247 2329 408 2388 aliquis
439 2330 482 2373 ei
503 2330 769 2388 respondere
789 2330 992 2385 audebat,
1023 2345 1074 2374 eo
1107 2332 1250 2374 acrius
1280 2332 1327 2373 in
1358 2346 1457 2375 eum
1475 2332 1650 2375 invehe-
1685 2322 1693 2330 ⁸

247 2399 390 2446 batur,
450 2398 600 2457 Digna
627 2399 736 2443 haec
766 2406 887 2453 sunt,
933 2415 1046 2459 quae
1076 2404 1354 2444 conferantur
1383 2415 1482 2444 cum
1514 2400 1649 2454 Quin—

247 2468 385 2513 tiliani
417 2469 564 2513 verbis
595 2468 695 2515 libr.
724 2469 781 2517 X.
812 2467 854 2525 1,
876 2466 946 2514 60.
978 2497 1033 2503 ——
1064 2470 1240 2515 Deinde
1269 2471 1417 2515 nescio
1447 2486 1502 2515 an
1533 2477 1648 2514 recte

240 2537 507 2597 judicaverit
535 2537 892 2583 Schneidewinus
925 2539 1098 2595 (Philol.
1122 2537 1236 2584 1846
1259 2555 1302 2598 p.
1324 2536 1446 2604 363),
1475 2555 1647 2584 versum

248 2609 324 2667 qui
372 2612 438 2652 est
467 2608 513 2652 in
544 2607 652 2653 Luc.
685 2608 834 2668 Scyth.
869 2623 906 2652 c.
935 2605 964 2653 9
996 2608 1265 2654 Archilocho
1294 2609 1500 2663 tribuens,
1548 2622 1647 2653 cum
