1792 3125
855 436 903 498 ξ.
933 435 977 484 5.

331 564 609 624 Tragoediae
638 565 772 622 longe
800 564 991 623 praefert
1018 564 1242 608 Lucianus
1273 564 1320 606 id
1356 566 1501 623 poesis
1531 578 1621 609 sce-

214 635 341 680 nicae
371 649 525 693 genus,
556 632 675 693 quod
693 633 935 692 posteriore
965 632 1142 677 demum
1162 638 1360 692 tempore
1381 631 1539 677 florere
1558 633 1622 677 in-

215 705 346 762 cepit,
364 705 741 763 pantonimum
762 703 884 747 dico:
916 703 972 746 de
993 717 1079 761 quo
1101 717 1278 760 genere,
1300 702 1356 746 ab
1376 702 1466 746 iliis
1486 703 1621 761 scrip-

216 772 385 817 toribus
406 774 529 832 justo
562 772 706 829 magis
735 771 948 830 neglecto,
992 786 1108 830 quae
1137 771 1361 815 Lucianus
1394 771 1441 814 in
1470 770 1623 814 libello

216 842 289 886 De
331 833 575 885 Saltatione
591 843 622 898 ¹)
660 840 813 897 tradit,
875 855 1035 899 operae
1081 842 1162 884 erit
1204 841 1395 899 pretium
1437 839 1628 883 breviter

220 925 427 955 enarrare
442 913 491 965 2).
552 910 605 954 In
638 911 758 954 omni
788 910 1061 969 pantomimo
1092 909 1344 969 peragando
1379 915 1467 953 tres
1497 909 1626 966 potis·

218 981 379 1024 simum
410 981 456 1023 in
487 995 665 1024 scenam
697 980 940 1038 prodeunt:
986 979 1179 1037 primum
1211 985 1332 1023 actor
1361 974 1625 1041 (ὀρχηστής),

218 1050 296 1109 qui
326 1048 506 1108 quidem
539 1049 586 1093 id
616 1051 748 1094 unice
778 1049 940 1105 studet,
983 1055 1032 1092 ut
1061 1048 1292 1093 saltatione
1319 1055 1535 1106 gestuque
1566 1046 1625 1091 fa·

216 1118 369 1163 bulam
400 1133 516 1177 quae
546 1119 692 1176 agitur
725 1121 969 1177 exprimat:
1002 1134 1039 1164 c.
1061 1115 1130 1163 62.
1148 1115 1228 1173 63;
1258 1117 1421 1161 deinde
1453 1116 1626 1172 chorus,

220 1189 296 1247 qui
327 1188 467 1247 lyrica
497 1188 715 1247 quaedam
748 1189 943 1232 carmina
984 1188 1112 1247 (μέλη
1143 1203 1180 1231 c.
1215 1183 1291 1246 72)
1324 1193 1505 1232 cantans
1536 1202 1627 1230 om-

217 1258 296 1300 nia
322 1272 388 1312 ea,
419 1272 507 1316 que
537 1257 690 1300 histrio
721 1258 911 1313 exhibet,
943 1257 1246 1316 spectantibus
1267 1258 1460 1300 nuntiat:
1492 1271 1526 1299 c.
1549 1254 1627 1302 633

216 1332 439 1385 postremo
495 1325 714 1371 accedunt
754 1327 930 1380 musici,
988 1326 1045 1371 ad
1092 1341 1278 1386 quorum
1319 1326 1626 1386 symphoniam

218 1396 352 1440 choro
383 1397 634 1440 canendum
667 1402 745 1440 est.
815 1395 940 1440 Haec
969 1398 1055 1440 tria
1085 1396 1237 1455 paullo
1268 1397 1513 1440 accuratius
1554 1411 1626 1439 ex-

217 1465 424 1510 cutienda
455 1472 568 1510 sunt.
632 1465 735 1523 Ipse
772 1466 906 1522 igitur
937 1472 1059 1509 actor
1095 1480 1285 1523 persona
1322 1464 1502 1509 indutus
1531 1480 1627 1523 pro-

219 1533 347 1587 cedit,
370 1541 414 1578 et
434 1549 487 1578 ea
508 1534 686 1593 quidem
706 1534 1016 1592 pulcherrima,
1039 1549 1144 1589 non,
1179 1534 1291 1577 sicut
1309 1535 1356 1576 in
1377 1533 1627 1589 comoediis,

216 1602 357 1647 hianti
384 1618 436 1647 ac
464 1602 651 1647 ridicule
681 1609 900 1648 contorta:
946 1619 1060 1662 quae
1090 1603 1268 1662 quidem
1293 1618 1496 1662 persona,
1528 1617 1626 1646 cum

214 1671 274 1715 ad
307 1672 635 1716 similitudinem
665 1672 869 1728 hominis,
911 1673 987 1731 qui
1017 1672 1247 1725 inducitur,
1281 1672 1398 1717 facta
1429 1673 1495 1725 sit,
1527 1686 1627 1715 cum

213 1739 303 1785 alia
329 1741 642 1787 commutanda
673 1748 751 1795 est,
785 1743 821 1786 si
853 1742 951 1801 quis
982 1742 1093 1786 alius
1126 1743 1172 1785 in
1203 1756 1380 1785 scenam
1406 1741 1626 1801 procedit:

215 1824 250 1856 c.
273 1808 342 1859 66.
409 1811 547 1867 Quali
571 1811 726 1856 habitu
754 1813 897 1857 ornati
926 1806 1086 1855 fuerint
1106 1811 1348 1868 saltatores,
1377 1826 1402 1855 e
1427 1811 1626 1854 Luciano

213 1895 305 1924 non
331 1880 488 1938 elucet,
534 1883 620 1926 nisi
654 1881 776 1941 quod
805 1897 840 1926 c.
876 1877 933 1925 63
964 1882 1099 1925 vestis
1130 1881 1283 1926 Serica
1311 1882 1375 1925 eis
1406 1880 1626 1927 tribuitur.

212 1948 343 1993 Solos
388 1951 506 1994 viros
553 1950 746 1994 saltandi
790 1950 937 1994 officio
985 1949 1161 1994 functos
1201 1964 1298 1993 esse
1329 1950 1459 1993 docet
1486 1963 1523 1995 c.
1555 1945 1626 1996 28.

212 2013 271 2063 67
302 2033 380 2063 ex:
430 2035 519 2079 qua
550 2020 730 2079 quidem
763 2036 812 2065 re
841 2020 1100 2079 pantomimi
1131 2035 1158 2064 a
1186 2019 1330 2064 mimis
1361 2019 1538 2075 distant,
1582 2019 1628 2063 in

216 2088 377 2145 quibus
431 2088 624 2133 feminae
682 2090 932 2148 frequentes
977 2089 1358 2147 conspiciebantur
1414 2088 1485 2143 (cf.
1535 2087 1625 2132 Cic.

213 2154 332 2202 Phil.
363 2156 423 2204 Π.
453 2154 526 2203 22.
555 2154 627 2202 24.
647 2155 717 2205 25.
741 2155 813 2203 27.
835 2154 926 2215 39).
959 2182 1017 2190 -
1044 2157 1283 2202 Multarum
1312 2173 1459 2203 rerum
1492 2158 1627 2201 scien-

214 2225 323 2268 tiam
339 2224 566 2271 Lucianus
595 2233 645 2272 ut
676 2227 903 2271 saltatores
938 2226 1131 2271 habeant
1159 2227 1325 2286 poscit:
1353 2233 1403 2272 ut
1429 2227 1626 2272 omnium

310 2357 344 2400 1)
373 2356 481 2391 Hunc
516 2355 703 2402 dialogum
728 2356 932 2400 Bekkerus,
969 2357 1110 2402 priores
1138 2356 1262 2391 nescio
1297 2365 1384 2399 quos
1407 2356 1627 2402 interpretes

213 2417 356 2449 secutus
379 2416 545 2459 spurium
567 2415 768 2459 judicavit:
794 2426 900 2459 quam
925 2416 1141 2450 sententiam
1158 2414 1370 2450 Dindorfius
1396 2419 1432 2450 et
1449 2416 1626 2451 Sommer—

213 2472 379 2508 brodtius
398 2473 487 2515 J‘ure
512 2473 726 2516 rejecerunt.
1504 2509 1506 2511 .

307 2530 346 2576 2)
375 2532 455 2566 Hoc
478 2532 560 2566 loco
583 2542 780 2574 monemus,
814 2542 879 2566 nos
905 2541 978 2566 non
1003 2531 1042 2566 id
1066 2542 1188 2577 agere,
1214 2534 1254 2565 ut
1277 2531 1490 2576 pantomimi
1514 2530 1625 2563 histo-

214 2589 305 2623 riam
331 2599 600 2634 componamus,
626 2589 688 2625 sed
718 2592 758 2623 ut
785 2600 837 2632 ea,
863 2600 955 2634 quae
981 2589 1066 2625 Luc.
1091 2590 1135 2625 de
1157 2589 1223 2624 illo
1247 2589 1368 2632 refert,
1396 2598 1625 2634 exponamus.
