1792 3125
393 227 616 287 Aristoph.
1224 228 1331 274 Luc.

189 296 407 355 πόρναισι
438 333 448 344 .
473 330 483 340 .
509 332 518 343 .
550 298 822 357 παραβεβλη-
963 299 1150 357 ἑταίραις
1207 294 1518 357 παραδοθησῶ

421 371 566 423 μένος.
1194 380 1337 424 μενος.

191 504 349 563 γυμνὸς
389 505 558 563 θύραζε
594 503 820 558 ἐξέπεσον.
964 504 1145 559 ἐξεώθει
1207 520 1266 619 uie
1322 506 1431 620 τῆἕὸ
1458 504 1593 556 οἰκίας

1195 577 1265 631 (c.
1302 589 1338 621 c.
1431 578 1460 629 ).

308 690 439 735 Pluto
498 691 544 733 in
600 696 786 750 utroque
852 694 1013 752 scripto
1071 692 1305 750 opponitur
1349 690 1593 749 Paupertas

192 763 369 820 (Πενία)
387 793 399 816 ,
446 774 582 818 quam
621 775 855 818 personam
891 777 981 806 non
1018 762 1162 805 minus
1202 775 1260 804 ex
1300 759 1594 818 Aristophane

191 830 365 875 videtur
395 830 612 887 sumpisse
641 829 879 887 Lucianus,
929 831 1106 890 quando
1138 829 1318 889 quidem
1348 828 1523 873 easdem
1555 831 1594 873 ei

190 899 343 944 tribuit
366 905 526 957 partes,
558 898 718 958 quibus
746 900 866 959 apud
894 900 1234 958 Aristophanem
1264 899 1474 956 fungitur.
1523 898 1593 942 In-

191 969 343 1027 primis
387 968 640 1022 notandum,
684 968 803 1027 apud
842 975 1075 1028 utrumque
1119 969 1376 1026 scriptorem
1404 966 1595 1025 Pauper-

191 1043 327 1082 tatem
357 1036 548 1094 gloriari‚
592 1039 756 1096 quippe
797 1053 911 1096 quae
952 1038 1161 1093 omnium,
1206 1036 1364 1096 quibus
1394 1036 1594 1080 homines

191 1106 403 1162 fruantur,
434 1105 650 1150 bonorum
676 1112 828 1151 auctor
859 1108 933 1151 sit:
963 1107 1078 1151 Plut.
1108 1102 1196 1151 469
1225 1120 1290 1164 sq.
1321 1104 1434 1149 Tim.
1464 1100 1536 1152 33.

307 1185 368 1230 Ut
398 1185 586 1231 Luciani
615 1187 778 1231 Timon
809 1203 864 1231 ex
888 1186 1200 1245 Aristophanis
1229 1185 1356 1230 Pluto
1385 1186 1447 1229 ita
1475 1184 1595 1230 illius

192 1256 510 1314 Necyomantia
542 1261 585 1299 et
603 1256 813 1315 Cataplus
840 1272 898 1300 ex
924 1257 1054 1316 hujus
1073 1255 1209 1300 Ranis
1237 1255 1454 1314 pendent:
1481 1270 1596 1313 quae

193 1340 263 1370 res
305 1325 427 1369 hisce
472 1325 687 1383 exemplis
737 1325 1055 1383 comprobetur.
1115 1325 1169 1368 In
1205 1324 1342 1368 Ranis
1372 1324 1596 1382 Dionysus

192 1393 356 1454 pellem
386 1393 608 1438 leoninam
640 1411 692 1439 eo
724 1394 907 1438 consilio
943 1394 1098 1450 induit,
1131 1400 1180 1438 ut
1208 1394 1311 1438 Orci
1344 1393 1596 1438 custodibus

193 1478 240 1507 se
271 1463 511 1507 Herculem
554 1464 768 1508 invictum
812 1478 908 1507 esse
938 1463 1212 1521 persuadeat.
1273 1463 1359 1506 Cui
1391 1463 1454 1506 rei
1483 1463 1597 1506 bene

194 1531 432 1590 respondet
453 1531 560 1579 Luc.
579 1532 787 1591 Necyom.
806 1529 848 1588 8,
876 1547 962 1590 quo
999 1531 1096 1576 loco
1114 1531 1350 1591 Menippus
1381 1546 1430 1576 se
1454 1537 1600 1590 sperat

196 1600 329 1645 simili
358 1607 480 1645 veste
522 1601 723 1645 indutum
753 1600 924 1645 facilius
956 1603 1002 1645 in
1034 1601 1199 1645 Orcum
1226 1608 1458 1645 venturum
1489 1616 1597 1647 esse.

193 1669 287 1714 Nec
329 1683 418 1712 non
462 1669 549 1712 huc
591 1671 814 1727 pertinent
859 1684 924 1725 ea,
975 1684 1088 1728 quae
1114 1669 1326 1716 Fritzsch.
1374 1669 1432 1713 ad
1464 1668 1598 1713 Arist.

193 1739 304 1784 Ran.
336 1734 423 1782 290
455 1738 708 1790 doctissime
739 1738 896 1785 attulit.
957 1739 1011 1782 In
1042 1739 1150 1785 Luc.
1195 1740 1312 1783 enim
1346 1738 1514 1797 Catapl.
1541 1734 1600 1783 22

175 1807 383 1867 .Micylus
430 1807 587 1851 eodem
633 1807 766 1852 modo
804 1814 855 1852 ut
884 1808 1086 1852 Bacchus
1130 1808 1256 1861 (Ran-
1285 1804 1388 1864 273)
1433 1823 1459 1853 a
1489 1808 1599 1853 Cha-

195 1892 303 1921 rone
332 1883 608 1921 transvectus
641 1879 784 1921 statim
819 1878 866 1920 in
898 1877 1056 1921 densas
1086 1877 1289 1921 tenebras
1322 1877 1492 1921 incidit:
1542 1876 1597 1923 cf,

197 1946 369 2005 Gatapl.
390 1942 462 1992 22.
517 1946 756 2004 Empusac,
789 1961 904 2005 quae
934 1947 979 1989 in
999 1946 1114 1990 Ran.
1135 1942 1224 1991 290
1240 1961 1304 2005 sq.
1347 1946 1599 2005 Dionysum

194 2007 526 2059 formidolosum
555 2019 706 2066 terret,
754 2021 900 2073 partes
932 2014 1162 2059 mandavit
1189 2014 1410 2059 Lucianus
1440 2015 1600 2059 Furiae

195 2091 339 2128 truces
371 2083 521 2127 oculos
551 2083 892 2130 circumferenti:
925 2098 963 2127 c.
994 2080 1064 2128 22.
1240 2077 1242 2080 ’

313 2162 480 2207 Ultimo
513 2162 612 2207 loco
638 2162 854 2219 addimus,
885 2162 1124 2207 Herculem
1148 2155 1421 2207 Lucianeum
1439 2162 1600 2208 similli-

196 2248 314 2277 mum
354 2247 451 2276 esse
481 2233 587 2291 ejus,
635 2247 765 2290 quem
795 2232 1112 2291 Aristophanes
1143 2233 1333 2277 inducat.
1390 2231 1526 2276 Velut
1553 2233 1600 2275 in

193 2302 291 2363 ἔον,
324 2301 455 2360 Trag.
487 2298 546 2348 32
578 2301 669 2346 deis
700 2302 1014 2358 dubitantibus,
1056 2301 1162 2362 quid
1195 2303 1243 2346 in
1272 2302 1468 2346 homines
1499 2301 1600 2346 deo-

196 2388 295 2415 rum
329 2373 633 2415 auctoritatem
662 2372 951 2429 infringentes
981 2372 1259 2416 statuendum
1289 2372 1357 2426 sit,
1387 2370 1599 2418 Hercules

200 2454 371 2485 summa
402 2441 466 2484 ira
497 2441 735 2485 concitatus
761 2455 923 2495 omnes,
965 2441 1040 2500 qui
1070 2440 1218 2499 aliquo
1249 2439 1380 2484 modo
1412 2439 1505 2483 deis
1535 2439 1599 2482 in-

200 2510 299 2554 festi
333 2510 428 2566 sint,
468 2509 667 2554 funditus
714 2509 1069 2554 exterminandos
1113 2514 1272 2555 censet.
1335 2508 1600 2567 Respexisse
