1792 3125
891 163 1013 224 37‘

218 307 567 359 vicissitudinum
615 319 907 365 casumque,
963 321 1071 366 quos
1116 307 1208 352 vita
1234 307 1426 354 humana
1455 309 1621 364 afferat,

219 379 337 424 haud
366 378 454 422 sint
484 380 713 434 experte53
758 376 834 434 qui
864 375 995 430 enim,
1037 377 1076 440 si
1106 376 1282 420 illarum
1312 392 1459 423 rerum
1486 379 1619 425 rudes

218 455 333 503 sunt,
373 451 623 490 accuratam
654 445 769 488 vitae
800 444 1033 502 imaginem
1063 446 1271 490 exhibere
1301 449 1514 506 possunt?
1562 449 1619 498 cf.

218 532 254 564 c.
286 514 356 561 67.
421 514 533 559 Cum
560 511 739 557 fabulae
764 517 962 557 vetustae
992 528 1107 572 quae
1144 521 1246 558 sunt
1274 515 1330 559 de
1360 517 1451 560 deis
1478 517 1619 562 heroi-

216 587 388 644 busque
435 584 483 626 in
527 597 660 626 scena
697 586 897 639 agantur,
944 583 1034 625 acri
1064 583 1207 627 studio
1245 591 1409 641 poetas,
1455 589 1530 645 qui
1557 587 1617 631 ‘de

215 656 334 698 hisce
362 652 494 696 rebus
521 651 712 706 tradunt,
744 650 941 694 lectitare
970 648 1154 694 debent:
1186 666 1222 697 c.
1244 648 1316 696 36.
1368 653 1470 697 Huc
1496 670 1618 699 acce-

216 723 281 767 dit
326 720 443 782 quod
490 720 548 765 ad
587 725 705 764 recte
748 734 938 779 vereque
980 719 1289 779 exprimendas
1317 720 1416 766 illas
1444 722 1617 769 fabulas

216 792 364 836 variae
410 788 674 848 disciplinae
719 789 783 833 eis
824 795 925 833 sunt
952 788 1212 833 discendae:
1259 789 1383 847 leges
1410 793 1617 849 musicae,

214 860 467 919 rythmicae,
512 858 737 915 metricae;
786 873 917 916 porro
956 865 1005 902 ut
1043 856 1342 917 philosophia,
1388 859 1618 914 rhetorica,

215 930 398 990 pictura,
443 933 535 972 arte
582 928 791 972 statuaria
834 927 991 972 imbuti
1039 928 1138 983 sint,
1185 928 1372 986 scriptor
1402 929 1618 987 postulat;

215 1015 252 1048 c.
283 996 353 1044 35.
418 997 621 1056 Cumque
650 996 832 1042 saltator
876 997 920 1042 id
958 997 1138 1054 laboret,
1184 1003 1232 1041 ut
1263 998 1400 1042 animi
1434 999 1616 1045 affectus

214 1068 408 1128 corporis
439 1072 560 1111 motu
580 1068 812 1126 exprimat,
842 1068 1036 1126 corporis
1058 1067 1175 1113 vires
1204 1082 1257 1112 ac
1277 1066 1505 1113 facultates
1525 1084 1616 1114 non

212 1140 357 1183 minus
406 1152 537 1196 quam
583 1137 744 1180 mentis
789 1138 850 1180 eis
895 1136 1167 1181 excolendae
1198 1143 1321 1181 sunt:
1371 1153 1409 1184 c.
1441 1135 1511 1185 69.
1545 1135 1615 1184 72.

214 1207 384 1266 Corpus
410 1205 466 1250 ab
497 1206 598 1250 imis
628 1204 849 1264 unguibus
880 1206 938 1251 ad
967 1205 1176 1251 verticem
1204 1206 1393 1267 aequale
1440 1213 1483 1252 et
1512 1222 1613 1252 con-

212 1292 373 1335 gruens
405 1277 472 1330 sit,
510 1276 739 1333 fugiatque
766 1275 946 1319 nimiam
976 1277 1282 1334 proceritatem
1312 1282 1446 1335 atque
1477 1279 1614 1322 tenui-

212 1352 345 1392 tatem
388 1345 554 1405 pariter
596 1350 728 1404 atque
773 1344 1062 1389 humilitatem
1112 1350 1155 1389 et
1202 1344 1403 1405 adipem:
1461 1361 1498 1394 c.
1544 1340 1614 1393 75.

210 1415 388 1459 Deinde
417 1421 465 1458 ut
498 1430 657 1473 corpus
688 1415 782 1470 ejus
821 1420 910 1458 tam
941 1415 997 1458 ad
1035 1414 1348 1459 inflectendum
1389 1431 1521 1475 quam
1555 1416 1613 1460 ad

212 1483 536 1529 subsistendum
569 1483 777 1528 idoneum
807 1484 885 1540 sit,
917 1485 1132 1542 poscitur:
1165 1498 1202 1530 c.
1236 1482 1304 1537 77,

329 1553 462 1597 Chori
507 1559 654 1611 partes
703 1552 856 1611 quales
902 1552 1077 1608 fuerint,
1126 1554 1214 1597 iam
1261 1568 1395 1611 supra
1424 1554 1612 1599 breviter

210 1623 445 1681 attigimus.
526 1621 691 1666 Omnes
736 1636 823 1666 uno
870 1620 1115 1680 eodemque
1161 1627 1359 1681 tempore
1404 1624 1613 1669 cecinisse

211 1693 340 1736 docet
367 1707 459 1735 vox
491 1688 731 1748 ὅμοφωνία,
774 1705 860 1748 qua
889 1690 1111 1734 Lucianus
1142 1706 1295 1735 eorum
1328 1698 1506 1736 cantum
1538 1693 1611 1737 de-

210 1762 376 1820 signat:
419 1775 456 1803 c·
491 1757 561 1807 68.
621 1758 879 1804 Cavendum
910 1774 966 1804 ne
998 1775 1097 1803 cum
1127 1760 1502 1806 Somme'rbrodtio
1532 1778 1612 1821 pu-

208 1837 348 1875 temus
383 1845 440 1873 ex
479 1845 516 1873 c.
548 1826 605 1874 30
635 1828 958 1889 conjiciendum
989 1844 1099 1882 esse,
1147 1830 1288 1888 primo
1320 1830 1474 1875 saltem
1503 1837 1610 1876 tem-

208 1915 314 1960 pore
348 1899 471 1944 chori
508 1904 652 1958 partes
683 1898 830 1943 nullas
863 1899 1012 1955 fuisse,
1060 1899 1138 1943 sed
1168 1900 1313 1959 ipsum
1346 1906 1537 1945 actorem
1568 1907 1611 1946 et

208 1969 390 2013 saltasse
428 1974 473 2011 et
512 1969 744 2024 cecinisse;
792 1969 866 2026 qui
902 1970 1017 2011 enim
1051 1971 1234 2025 cogitari
1270 1974 1426 2027 potest,
1472 1971 1521 2013 in
1547 1977 1611 2015 tot

206 2045 383 2098 tamque
427 2038 560 2083 variis
606 2039 801 2096 corporis
849 2037 1052 2094 motibus,
1098 2038 1174 2097 qui
1219 2052 1394 2098 semper
1441 2038 1610 2100 aliquid

207 2109 460 2152 imitationis
491 2107 724 2159 habebant,
751 2107 1005 2151 histrionem
1035 2108 1216 2166 insuper
1246 2109 1489 2153 cecinisse?
1525 2123 1610 2153 nec

207 2176 446 2236 quidquam
479 2176 535 2220 de
560 2176 643 2220 hac
680 2175 888 2220 cantandi
920 2176 1195 2236 saltandique
1225 2177 1532 2236 conjunctione
1562 2180 1609 2223 in

204 2246 485 2304 pantomimis
517 2251 671 2303 postea
690 2245 884 2289 resoluta
913 2246 1034 2304 apud
1063 2251 1230 2290 ceteros
1262 2249 1496 2307 scriptores
1524 2254 1608 2292 tra-

205 2315 332 2360 ditur.
387 2314 479 2359 Nos
511 2315 655 2374 potius
684 2314 760 2359 illa
780 2314 929 2371 verba,
961 2330 1059 2359 cum
1079 2315 1341 2374 generaliter
1368 2317 1455 2361 sint
1474 2316 1604 2372 dicta,

204 2384 435 2430 referenda
465 2399 691 2429 censemus
721 2384 778 2429 ad
810 2384 996 2429 eandem
1026 2400 1141 2442 rem,
1172 2400 1303 2445 quam
1329 2386 1482 2431 Livius
1503 2386 1605 2431 V11.

203 2452 246 2510 2,
280 2451 308 2499 9
337 2453 482 2502 tradit.
940 2476 942 2478 >

320 2522 514 2568 Chorum
548 2529 776 2568 canentem
807 2525 1083 2585 prosequitur
1121 2539 1212 2570 non
1248 2538 1382 2568 unum
1424 2523 1603 2583 aliquod

205 2608 433 2653 organum,
462 2593 540 2639 sed
561 2595 779 2641 variorum
798 2595 1183 2641 instrumentorum
1207 2599 1468 2640 concentus:
1496 2608 1602 2654 qua-
