1792 3125
863 110 936 159 «ΞΕ

192 254 316 296 ¹cun»,
327 242 329 245 ’
339 239 521 291 nullum
533 246 869 295 commemorat,
900 254 983 285 nec
994 239 1237 299 Sophoclis
1255 241 1609 287 mentionem&-

191 310 280 354 cisi
306 310 399 354 misi
429 309 691 354 brevissime
720 310 788 354 his
818 309 949 354 locis:
1001 309 1141 354 Conv.
1171 306 1244 358 25.
1287 310 1388 355 Per.
1416 310 1535 358 Prot.
1553 308 1606 358 ·3.

198 379 472 438 Aeschylum
501 380 549 422 in
569 379 710 427 Conv.
732 377 790 424 15
816 386 993 438 poetam
1022 377 1183 424 ἔνθεον
1215 385 1259 423 et
1287 377 1607 434 advoxov'dicit,

187 448 300 496 add.
334 449 433 493 Per.
465 448 585 495 Prot.
612 444 654 492 3.
711 448 970 508 Euripidem
998 448 1149 507 paullo
1180 449 1348 507 majore
1377 449 1522 494 studio
1551 448 1607 493 ab

197 534 249 563 eo
288 518 450 563 lectum
480 532 577 562 esse
605 533 694 562 non
724 524 788 562 est
815 520 971 562 mirum
991 521 1021 573 ¹)
1033 550 1045 573 ,
1091 518 1450 577 quandoquidem
1477 517 1607 562 illum

198 603 255 631 ex
284 587 485 632 omnibus
522 588 663 645 poetis
692 589 872 644 tragicis
907 588 1040 645 longe
1072 588 1265 631 maxime
1292 602 1443 631 carum
1472 588 1607 632 fuisse

196 656 473 715 posteriobus
505 655 685 700 Graecis
719 658 822 700 satis
844 659 1067 711 constat2).
1128 657 1203 701 Ad
1232 656 1454 715 Euripidis
1480 656 1606 701 Tele-

196 726 335 784 phum
365 725 551 769 fortasse
579 725 838 769 referendus
871 732 936 768 est
968 724 1106 782 locus,
1157 727 1232 784 qui
1262 726 1424 783 legitur
1454 729 1500 769 in
1519 727 1605 784 Ep.

196 795 289 841 Sat.
309 792 382 851 28,
413 794 489 838 ubi
517 800 663 839 vestes
693 795 888 852 tragicae
920 809 944 837 e
964 796 1125 852 pannis
1157 800 1367 839 consutae
1396 796 1605 854 perstrin-

195 871 372 922 guntur,
402 864 458 911 cf,
488 865 698 922 interppr.
732 865 789 907 ad
821 865 896 908 Ar.
925 865 1035 910 Rau.
1067 863 1167 909 841.

311 933 492 977 Deinde
515 932 683 977 Achaei
711 948 866 977 versus
889 935 1046 977 citatur
1060 935 1122 977 ‘in
1141 933 1227 977 Pro
1245 933 1378 991 Laps.
1400 930 1440 976 6.
1488 932 1603 990 Aga-

194 1003 338 1046 thonis
358 1001 563 1045 mollities
588 1007 720 1060 atque
748 1001 926 1045 luxuria
951 1003 1202 1060 exagitatur
1231 1003 1278 1044 in
1296 1002 1425 1045 Rhet.
1446 1001 1602 1049 Praec.

196 1070 290 1118 11.:
322 1071 450 1129 cujus
481 1071 546 1114 rei
565 1072 769 1115 notitiam
790 1071 1014 1115 Lucianus
1046 1070 1167 1115 haud
1197 1070 1329 1114 dubie
1359 1085 1418 1114 ex
1438 1070 1599 1115 Aristo-

195 1139 358 1198 phanis
379 1139 646 1198 Thesmoph.
682 1142 879 1199 sumpsit.
939 1139 1168 1184 Ridiculae
1188 1139 1394 1198 Dionysii
1426 1142 1601 1198 tyranni

194 1208 450 1267 tragoediae
483 1209 639 1253 acerbe
670 1209 869 1253 ridentur
898 1210 1012 1254 Adv.
1043 1209 1140 1255 Ind.
1178 1206 1255 1254 15:
1286 1224 1393 1267 quas
1426 1209 1603 1267 quidem

195 1294 222 1322 a
250 1278 452 1322 Luciano
484 1277 621 1322 lectas
661 1294 756 1322 esse
785 1279 1019 1322 ostendunt
1049 1286 1136 1322 tres
1169 1293 1324 1322 versus
1358 1294 1415 1321 ex
1449 1278 1512 1321 eis
1544 1278 1602 1321 al-

192 1346 282 1390 lati.
342 1346 556 1405 Ejusdem
585 1354 744 1404 poetae
770 1348 879 1391 vitia
910 1348 953 1390 in
985 1346 1187 1390 Calumn.
1219 1345 1277 1391 14
1306 1348 1459 1405 carpit,

311 1415 447 1460 Vides
479 1430 612 1474 quam
634 1417 796 1473 exigua
825 1415 883 1459 de
913 1416 1036 1474 poesi
1055 1416 1223 1473 tragica
1255 1430 1279 1458 e
1300 1415 1486 1459 Luciani
1507 1415 1601 1458 dia-

193 1485 305 1542 logis
352 1485 553 1543 exsculpi
595 1486 787 1543 possint:
837 1486 961 1543 cujus
994 1485 1056 1528 rei
1084 1499 1260 1529 causam
1288 1486 1326 1528 si
1355 1485 1602 1543 perspicere

193 1554 395 1610 velimus,
419 1555 643 1612 scriptoris
683 1554 856 1598 indoles
890 1553 1136 1612 spectanda
1166 1560 1244 1616 est.
1306 1554 1454 1607 Quum
1482 1555 1601 1598 enim

194 1625 337 1668 omnis
385 1625 577 1682 gravitas
624 1630 757 1683 atque
797 1623 1039 1668 sublimitas
1082 1623 1214 1681 longe
1244 1623 1416 1668 abesset
1460 1640 1486 1668 a
1500 1623 1600 1667 1Lu-

195 1694 312 1738 ciani
349 1693 540 1751 'ingenio
586 1695 676 1737 acri
706 1693 785 1737 illo
819 1693 997 1752 quidem
1044 1698 1090 1736 at
1126 1694 1249 1736 tenui
1279 1699 1322 1737 et
1358 1694 1511 1752 jejuno
1542 1719 1599 1725 —-

191 1763 379 1806 alterum
410 1763 527 1806 enim
558 1762 738 1821 Lysiam
773 1778 1040 1821 quamquam
1065 1764 1108 1805 in
1133 1778 1264 1821 opere
1295 1762 1469 1806 diverso
1497 1778 1599 1806 cum

190 1833 332 1890 possis
375 1831 522 1876 dicere
556 1857 626 1884 -,
674 1832 782 1891 quid
813 1831 986 1885 mirum,
1031 1831 1147 1890 quod
1187 1833 1355 1890 tragica
1384 1833 1597 1890 gravitate

191 1902 337 1944 minus
368 1907 612 1944 commotus
659 1907 724 1945 est
768 1902 942 1944 animus
975 1900 1103 1959 ejus?
1161 1902 1228 1945 Ea
1259 1903 1305 1944 in
1337 1917 1385 1944 re
1417 1916 1597 1959 prorsus

191 1970 411 2013 consentit
453 1984 553 2013 cum
584 1969 788 2028 Longino
836 1971 899 2014 sic
943 1970 1153 2015 scribenti
1183 1972 1305 2027 (sect.
1330 1970 1410 2014 ΠΙ.
1443 1970 1596 2028 Egg.):

190 2073 201 2085 .
236 2074 246 2085 .
280 2037 328 2083 ἐν
359 2039 570 2097 τραγῳδοὶ,
600 2038 822 2097 πράγματι
852 2037 1019 2098 ὄγκηρῷ
1051 2038 1183 2096 φύσει
1210 2042 1283 2084 καὶ
1302 2039 1597 2097 ἐπιδεχομένῳ

190 2106 413 2165 στόμφονε
444 2114 711 2166 quapropter
743 2108 868 2152 multi
896 2109 942 2151 in
975 2123 1027 2152 ea
1058 2115 1231 2167 pecaut,
1262 2109 1485 2162 πολλαχοῦ
1519 2105 1597 2167 γὰρ

286 2295 320 2339 1)
346 2294 461 2329 Locos
485 2293 700 2339 Euripideos
723 2305 745 2329 a
769 2294 929 2329 Luciano
959 2296 1088 2331 citatos
1112 2307 1147 2331 v.
1171 2296 1209 2330 in
1239 2295 1362 2331 Indice
1388 2295 1426 2330 id
1451 2295 1594 2340 Jacob„

188 2353 254 2389 ubi
289 2356 409 2387 tamen
446 2362 513 2397 pro
539 2353 667 2388 Pseud.
699 2354 742 2387 19
772 2354 843 2399 leg.
870 2353 997 2389 Pseud.
1023 2356 1087 2389 32:
1133 2365 1242 2400 porro
1271 2354 1317 2389 ad
1341 2352 1488 2405 Ὀρεστ.
1512 2354 1594 2390 add.

187 2411 276 2457 Jup.
300 2410 481 2457 Tragoed.
507 2412 565 2446 33.

282 2483 332 2526 2),
345 2482 399 2517 Cf.
425 2491 553 2517 versus
569 2481 790 2517 Philemonis
814 2485 979 2518 servatos
1004 2482 1043 2518 in
1059 2483 1134 2518 Vit.
1151 2483 1277 2528 Eur-ip.
1300 2484 1464 2525 (Kirchh.
1481 2485 1592 2529 praef.

188 2539 274 2575 edit.
300 2540 388 2576 Eur.
416 2552 452 2586 p.
476 2540 560 2586 Ix).
608 2540 734 2585 Quint.
759 2540 806 2576 X.
835 2543 854 2575 1
884 2543 915 2585 §-
941 2542 999 2576 69.
