1792 3125
890 152 948 201 13

219 284 329 329 chio
359 282 617 342 peregrinos
645 284 953 339 transvexisse,
998 299 1098 327 cum
1136 284 1267 327 ceteri
1300 298 1452 327 omnes
1484 283 1615 341 scrip-

216 358 334 397 tores
362 352 495 397 Lesbi
513 363 685 396 'nomen
712 353 890 398 tradant
907 357 951 407 ¹).
986 380 1037 386 —-
1085 352 1290 412 Philippo
1323 351 1614 397 Macedonum

216 424 309 480 regi
345 437 435 465 non
469 421 727 479 Olynthum,
771 430 820 467 ut
856 429 1006 466 narrat
1034 423 1257 466 Lucianus
1296 422 1367 465 De
1398 423 1510 467 Hist.
1543 418 1615 476 38,

218 490 295 534 sed
324 490 578 534 Methonam
609 489 827 535 obsidenti
873 490 1044 534 oculum
1092 507 1118 533 a
1159 492 1380 547 sagittario
1422 490 1615 549 quodam

216 573 468 617 percussum
514 574 609 602 esse
654 559 783 603 docet
826 561 1003 604 testium
1040 560 1240 603 cumulus
1273 559 1328 603 ab
1360 560 1613 617 Hermanno

218 635 513 674 coacervatus.
537 654 591 660 —
618 629 688 673 De
708 629 824 676 Hist.
845 625 902 674 21
934 624 1108 689 Ὀσρόης
1130 628 1245 671 idem
1267 628 1396 672 homo
1418 635 1612 683 vocatur,

218 713 347 756 quem
376 697 584 741 Alexand
618 695 675 744 27
704 694 943 758 Ὀθρυάδην
972 699 1215 743 nominavit
1227 700 1275 752 2).
1298 722 1352 730 -
1379 697 1508 741 Hanc
1537 713 1614 741 no-

216 767 398 811 minium
429 767 614 825 copiam,
645 767 692 810 in
723 768 883 826 quibus
903 767 1127 812 Lucianus
1154 767 1435 825 neglegentia
1466 767 1614 825 lapsus

217 842 296 892 est,
329 838 366 880 si
396 837 492 895 quis
520 837 691 881 sincere
721 836 982 893 considerat,
1012 838 1156 895 potius
1184 837 1413 881 nobiscum
1443 837 1488 879 in
1519 851 1615 879 eam

218 907 477 950 sententiam
529 906 771 951 adducetur
786 940 797 959 ,
846 914 895 951 ut
937 907 1199 962 existumet,
1249 913 1396 950 nostro
1441 920 1616 964 quoque

217 974 314 1019 loco
345 977 524 1019 nomina
554 983 820 1021 commutata
851 992 960 1032 esse,
1008 991 1139 1035 quam
1168 976 1413 1020 Lucianum
1441 990 1498 1019 ex
1528 974 1614 1026 alio

215 1044 407 1102 quodam
458 1044 579 1089 fonte
622 1046 751 1090 nobis
794 1061 884 1090 non
934 1051 1105 1090 servato
1151 1045 1447 1090 narrationem
1492 1043 1614 1088 illam

215 1112 413 1158 hausisse
429 1116 475 1167 3).

332 1196 720 1238 Anacreontem
753 1210 780 1237 a
800 1195 996 1238 Luciano
1018 1196 1168 1252 magni
1192 1195 1355 1239 factum
1385 1209 1492 1251 esse,
1525 1195 1614 1237 iam

215 1279 348 1322 supra
375 1264 581 1307 vidimus.
641 1264 825 1307 Luciani
856 1270 1050 1321 tempore
1080 1265 1274 1308 carmina
1304 1265 1396 1321 ejus
1424 1264 1616 1307 lectitata

216 1348 311 1377 esse
348 1349 428 1378 nos
461 1334 588 1378 docet
617 1333 767 1393 Symp.
802 1348 839 1378 c.
872 1332 941 1389 17,
986 1333 1065 1377 ubi
1098 1333 1228 1377 homo
1260 1333 1440 1392 quidam
1470 1333 1614 1377 ebrius

214 1418 368 1447 versus
400 1405 492 1461 ejus
524 1418 622 1446 cum
640 1403 821 1447 Pindari
845 1410 888 1447 et
908 1403 1103 1447 Hesiodo
1135 1403 1319 1446 ridiculo
1346 1403 1476 1446 modo
1499 1417 1613 1446 com-

215 1473 378 1525 miscet,
408 1473 453 1514 in
474 1472 693 1530 parodias,
714 1479 762 1515 ut
781 1473 966 1527 videtur,
988 1488 1062 1515 eos
1084 1472 1362 1530 detorqueus,
1392 1472 1516 1529 cujus
1547 1472 1613 1515 rei

215 1540 465 1598 analogiam
511 1540 722 1598 praebent
767 1541 954 1584 Luciani
982 1540 1083 1598 Jup.
1127 1540 1344 1597 Tragoed.
1375 1554 1411 1586 c.
1441 1540 1466 1583 1
1499 1547 1542 1583 et
1568 1536 1611 1583 2.

331 1620 571 1663 Pindari
601 1623 842 1664 carminum
872 1622 1005 1678 longe
1025 1621 1368 1679 pulcherrimum
1389 1620 1613 1663 Lucianus

215 1688 397 1732 duxisse
445 1689 621 1733 videtur
664 1689 826 1748 olymp.
858 1690 893 1742 Ι,
940 1689 993 1736 cf.
1031 1689 1146 1734 Gall.
1178 1688 1205 1733 7
1250 1696 1293 1733 et
1338 1689 1510 1735 Timon.
1539 1686 1612 1743 41,

216 1773 349 1816 quem
379 1758 522 1802 locum
553 1758 666 1803 bene
697 1760 932 1818 explicavit
961 1760 1070 1804 Tan.
1092 1759 1236 1803 Faber
1258 1759 1378 1818 (Not.
1401 1766 1444 1803 et
1462 1759 1613 1803 Anim-

214 1827 313 1873 adv.
346 1829 392 1871 in
423 1828 530 1875 Luc.
562 1829 692 1880 Tim„
738 1829 825 1873 vol.
856 1830 889 1872 Ι.
931 1845 975 1887 p.
1007 1826 1093 1874 879
1125 1829 1212 1873 edit
1259 1829 1480 1883 Amst.)⁴).
1541 1828 1612 1871 Ex

214 1895 391 1954 reliquis
420 1897 601 1941 Pindari
639 1897 872 1941 virtutibus
903 1898 1126 1941 Lucianus
1168 1904 1380 1941 memorat
1423 1899 1517 1956 ejus
1547 1913 1613 1941 ar-

213 1970 302 2009 tem
335 1966 526 2024 epitheta
554 1974 656 2025 apte
686 1967 898 2014 addendi:
934 1968 1073 2024 Imag.
1104 1965 1146 2022 8,
1177 1982 1307 2024 porro
1339 1967 1612 2011 laudationes

313 2142 345 2184 l)
370 2140 422 2174 Cf.
448 2140 638 2174 Welcker:
680 2142 739 2175 Kl.
769 2141 871 2176 Schr.
895 2141 942 2175 11.
975 2154 1010 2187 p.
1038 2141 1115 2176 106.
1173 2142 1302 2176 Lehrs:
1349 2142 1475 2186 Popul.
1509 2142 1610 2177 Aufs.

214 2209 249 2241 p.
273 2199 353 2240 210,
381 2198 443 2241 qui
469 2199 620 2233 Luciani
645 2200 760 2234 locum
781 2201 863 2243 jure
890 2211 961 2234 non
986 2201 1157 2245 respexit.

308 2268 344 2311 2)
369 2267 592 2310 Quamquam
617 2269 685 2302 hoc
708 2269 790 2303 loeo
815 2270 933 2304 nescio
969 2280 1014 2303 an
1039 2281 1120 2304 cum
1144 2271 1290 2305 Kuhnio
1316 2270 1361 2304 ad
1385 2272 1537 2305 Pausan.
1563 2271 1611 2304 11.

214 2326 271 2368 20,
296 2327 318 2358 6
358 2337 393 2370 p.
421 2326 487 2359 156
514 2326 759 2372 recipiendum
796 2326 843 2362 sit
879 2325 1041 2378 Ὀσρόου
1069 2339 1133 2373 pro
1160 2323 1394 2380 Ὀθρυάδου,
1422 2329 1467 2363 cf.
1498 2329 1611 2362 Fritz-

214 2383 353 2417 schium
379 2383 423 2417 ad
447 2384 578 2418 locum.

308 2452 345 2498 3)
366 2453 415 2487 Ut
439 2453 613 2489 Welkero
637 2453 843 2492 videbatur:
868 2456 928 2490 Kl.
953 2455 1053 2491 Schr.
1079 2456 1108 2491 Ι.
1132 2467 1167 2501 p.
1192 2457 1237 2491 97
1266 2459 1341 2491 not.
1366 2459 1423 2492 27.

306 2512 342 2554 4)
367 2512 472 2545 Falso
496 2513 615 2547 Moser
638 2513 875 2558 (Programm.
892 2514 1022 2557 Gymn.
1039 2512 1217 2550 Ulmensis
1243 2526 1265 2548 a
1286 2516 1389 2558 1819)
1403 2514 1609 2549 Aristotelis

213 2577 357 2603 carmen
385 2568 430 2604 ab
455 2569 584 2605 Athen.
608 2571 677 2606 XV
701 2572 790 2606 695⁸
817 2574 998 2607 servatum
1022 2572 1155 2618 respici
1178 2575 1291 2617 putat.
