1792 3125
379 305 497 349 Tum
541 304 580 347 si
623 302 875 361 inspicimus
920 301 1108 346 Luciani
1153 302 1396 355 Timonem,
1440 303 1660 362 permulta

262 376 321 420 ad
344 376 419 420 Ar,
445 373 563 417 Pluti
590 370 845 434 ekemplum
876 386 1083 429 expressa
1112 385 1207 415 esse
1236 371 1415 415 infitiari
1443 387 1534 416 non
1562 387 1661 430 pos·

263 458 412 488 sumus
433 445 477 496 ¹).
538 441 696 484 Timon
729 438 980 482 simillimus
1011 445 1077 482 est
1106 442 1146 483 ei
1172 439 1351 494 homini,
1383 442 1504 498 cujus
1525 441 1657 484 hone—

262 518 350 556 stas
381 516 515 569 atque
535 509 706 568 justitia
734 506 991 551 describitur
1019 508 1065 550 in
1093 507 1207 553 Plut.
1240 504 1489 568 823—8502
1531 510 1657 567 prius

262 581 378 624 enim
410 577 797 637 oppulentissimus
827 575 957 632 (Tim.
980 574 1021 624 7.
1049 576 1164 623 Plut.
1184 571 1290 634 829)
1318 581 1502 635 uterque
1531 578 1656 636 paul-

261 649 386 692 latim
424 647 482 691 ad
522 651 764 690 extremam
799 645 994 702 inopiam
1034 644 1240 702 delapsus
1272 650 1348 698 est,
1391 659 1490 688 cum
1522 647 1658 689 nimia

260 717 522 762 liberalitate
552 716 795 760 amicorum
814 713 1002 758 fortunis
1023 719 1324 758 succurrerent
1344 714 1477 769 (Tim.
1497 711 1568 761 47.
1585 712 1657 759 49.

258 786 368 829 Plut.
399 781 528 839 830):
559 784 635 842 qui
667 788 828 839 tamen,
855 781 1016 826 malam
1046 783 1283 826 referentes
1310 783 1509 840 gratiam,
1542 789 1657 840 post-

260 870 395 913 quam
439 852 506 896 illi
534 852 708 896 divitias
738 850 984 909 perdidere,
1029 868 1103 897 eos
1135 856 1487 910 contempserunt
1523 866 1657 910 seque

259 936 452 979 unquam
481 920 575 973 ulla
604 920 795 963 amicitia
825 934 925 963 cum
954 921 1139 965 misellis
1164 921 1259 964 istis
1279 920 1531 964 hominibus
1557 935 1657 963 con-

251 991 429 1049 junctos
467 988 603 1034 fuisse
642 995 915 1046 negaverunt
944 989 1080 1048 (Tim.
1096 986 1168 1035 49.
1199 988 1314 1032 Plut.
1333 985 1433 1035 241.
1454 984 1572 1042 837).
1596 1013 1655 1021 -

256 1059 393 1103 Porro
435 1058 556 1117 apud
596 1062 829 1115 utrumque
872 1060 1130 1116 scriptorem
1162 1058 1317 1102 Plutus
1347 1057 1454 1101 deus
1497 1072 1655 1101 caecus

256 1127 436 1186 fingitur
482 1142 599 1172 esse:
657 1125 771 1170 Tim.
799 1123 870 1173 20.
915 1126 1031 1172 Plut.
1064 1126 1132 1176 13.
1168 1124 1239 1174 90.
1269 1123 1358 1172 403
1387 1141 1475 1185 sq.:
1535 1125 1655 1186 quod

184 1228 186 1230 -
256 1204 417 1250 tamen,
464 1212 565 1241 cum
595 1196 726 1240 simili
755 1196 924 1241 ratione
959 1198 1016 1242 ab
1046 1197 1143 1242 aliis
1172 1197 1312 1257 poetis
1324 1198 1358 1253 2)
1388 1196 1492 1241 satis
1521 1211 1655 1255 saepe

256 1266 333 1310 ille
371 1265 616 1321 inducatur,
664 1265 913 1309 Lucianum
957 1266 1094 1311 nolim
1135 1266 1355 1311 affirmare
1400 1280 1457 1309 ex
1487 1266 1656 1309 Aristo-

252 1334 399 1394 phane
428 1335 702 1395 potissimum
730 1335 941 1383 hausisse.
1001 1336 1316 1381 Verumtamen
1345 1340 1446 1380 sunt
1476 1334 1577 1387 alia,
1606 1335 1652 1378 in

253 1404 412 1462 quibus
443 1404 668 1447 Lucianus
710 1419 767 1447 ex
798 1404 874 1448 illo
905 1405 1107 1462 pendeat.
1168 1405 1338 1460 Plutus,
1382 1404 1460 1447 ubi
1491 1403 1549 1447 ad
1578 1404 1652 1447 ho-

252 1472 392 1516 mines
417 1487 574 1517 avaros
603 1474 815 1532 pervenit,
861 1474 1115 1519 arctissimis
1150 1473 1337 1519 vinculis
1368 1472 1425 1517 ab
1456 1473 1518 1517 eis
1550 1487 1650 1516 con-

251 1543 495 1598 stringitur,
523 1548 572 1585 ut
600 1558 657 1585 ne
686 1557 881 1600 unquam
894 1553 1061 1594 ,eorum
1086 1544 1217 1587 aedes
1249 1543 1443 1596 deserat3
1475 1542 1532 1586 de
1564 1557 1652 1600 qua

253 1610 431 1668 quidem
479 1625 527 1653 re
569 1612 665 1669 ipse
710 1610 818 1654 deus
866 1616 909 1655 et
936 1612 1056 1670 apud
1082 1612 1423 1671 Aristophanem
1458 1618 1502 1656 et
1531 1610 1650 1670 apud

250 1678 496 1722 Lucianum
527 1681 850 1738 quammaxime
889 1683 1187 1740 conqueritur:
1235 1681 1289 1727 cf.
1318 1680 1434 1727 Plut.
1463 1676 1554 1725 234
1584 1695 1648 1738 sq.

252 1747 367 1790 Tim.
402 1744 470 1792 13.
529 1749 698 1793 Rursus
736 1748 813 1793 ubi
856 1751 903 1793 in
943 1751 1142 1795 homines
1180 1749 1438 1795 libidinibus
1478 1748 1649 1793 deditos

250 1817 447 1872 incurrit,
497 1818 699 1876 parasitis
735 1833 788 1862 ac
826 1819 1123 1864 meretricibus
1154 1819 1336 1864 traditus
1365 1834 1472 1863 mox
1503 1817 1649 1862 nudus

249 1891 382 1944 atque
408 1886 668 1931 verberibus
695 1902 848 1932 caesus
882 1895 1093 1949 tanquam
1131 1889 1273 1933 malus
1304 1888 1463 1947 aliquis
1493 1903 1648 1932 servus

249 1951 366 1998 foras
397 1956 591 2014 ejicitur:
622 1955 736 2003 Plut.
766 1953 1009 2005 242-244.
1043 1958 1154 2002 Tim.
1170 1956 1248 2003 12:
1280 1957 1437 2016 quibus
1468 1956 1647 2016 quidem

248 2022 356 2067 locis
399 2038 541 2082 paene
585 2024 739 2070 eadem
785 2026 1010 2085 utriusque
1055 2027 1280 2086 scriptoris
1326 2026 1463 2070 verba
1505 2025 1577 2069 hic
1619 2041 1647 2068 a

249 2092 377 2137 nobis
404 2094 606 2152 apposita
636 2093 864 2152 leguntur:

317 2295 325 2300 .
343 2267 376 2314 1)
403 2268 587 2303 Nonnulla
614 2268 786 2313 quaedam
810 2279 942 2314 magna
966 2270 1160 2305 verborum
1185 2271 1290 2317 copia.
1312 2270 1463 2316 praebet
1479 2271 1530 2305 Le
1546 2271 1645 2306 Beau

247 2326 303 2359 in:
328 2326 435 2361 Mem.
459 2325 504 2361 de
527 2325 653 2361 l’acad.
678 2326 742 2361 des
766 2327 932 2372 inscript.
954 2330 990 2362 et
1013 2327 1099 2363 bell.
1116 2330 1214 2364 lettr.
1261 2329 1335 2365 vol.
1351 2328 1466 2364 XXX.
1493 2330 1645 2367 77—82.

339 2384 376 2428 2)
404 2383 566 2420 Sufficiat
594 2385 704 2420 unius
734 2384 896 2420 attulisse
923 2385 1114 2432 Amphidis
1145 2396 1272 2422 versus
1303 2397 1361 2433 ap.
1384 2386 1515 2422 Athen.
1542 2386 1643 2423 XIII.

246 2452 281 2486 p.
305 2441 396 2477 5⁶7ss
