1792 3125
876 144 937 194 29

323 276 395 316 Ex
424 286 603 316 novae
632 272 961 317 comoediae
988 274 1131 331 poetis
1158 271 1382 318 Lucianus
1411 266 1602 332 primum

208 343 312 388 citat
336 340 726 399 Philemonem,
756 342 950 386 incertae
975 342 1153 387 fabulae
1179 342 1472 401 fragmentum
1500 342 1603 387 affe-

208 426 309 457 rens
327 411 374 453 in
394 408 541 454 libello
564 412 640 470 qui
659 410 911 456 inscribitur
927 411 1127 456 Calumn.
1147 427 1183 459 c.
1201 411 1228 455 6
1240 415 1284 469 1).
1314 412 1601 456 Menandri

208 479 458 525 comoedias
486 479 732 524 Lucianum
779 480 1015 537 diligenter
1046 480 1263 524 lectitasse
1301 487 1434 539 atque
1464 482 1602 525 imita-

209 556 300 594 tum
338 562 434 592 esse
445 549 479 603 2)
521 564 608 592 uno
650 548 804 593 saltem
850 549 945 593 loco
993 548 1231 592 clarissime
1270 555 1414 607 potest
1442 551 1600 594 evinci.

206 618 382 663 Etenim
411 618 457 661 in
477 617 736 677 Pseudolog.
768 634 805 665 c,
825 616 857 663 4
884 618 1119 672 Lucianus,
1148 623 1197 661 ut
1225 619 1271 660 in
1302 619 1600 663 convincendo

208 687 443 734 Timarcho
498 687 673 730 homine
728 687 1109 746 impudentissimo
1161 693 1293 745 atque
1350 688 1601 732 stultissimo

209 757 326 801 bono
355 761 502 800 utatur
531 769 749 812 successu,
779 757 825 799 in
855 755 1072 800 auxilium
1104 762 1232 800 vocat
1261 755 1508 800 Elenchum
1534 757 1602 800 his

207 825 371 872 verbis:
417 825 711 884 παρακλητέος
740 822 846 884 ἡμῖν
870 825 957 870 τῶν
985 823 1248 885 Μενάνδρου
1277 827 1509 885 προλόγων
1540 818 1605 875 εἷς

209 892 233 939 o‘
271 892 493 950 Ἔλεγχος;
542 894 701 939 deinde
742 900 975 954 postquam
1011 895 1256 939 Elcnchum
1299 896 1494 939 hortatus
1536 902 1602 940 est

208 965 265 1009 ad
294 970 441 1023 partes
469 971 693 1023 susceptas
727 963 895 1008 fortiter
922 964 1127 1021 tuendas,
1174 964 1396 1008 Timarchi
1428 966 1603 1024 impura

208 1034 349 1078 selera
379 1049 477 1077 eum
506 1035 778 1092 aperientem
809 1032 988 1077 inducit.
1049 1034 1175 1077 Idem
1204 1033 1426 1077 Elenohus
1454 1034 1601 1093 prodit

206 1105 253 1147 in
283 1103 394 1149 Piso.
427 1101 483 1147 17
511 1119 591 1162 sq„
635 1103 879 1147 Lucianum
916 1105 963 1146 in
992 1102 1252 1148 refuntanda
1280 1109 1477 1146 veterum
1507 1103 1600 1162 phi-

206 1172 488 1230 losophorum
539 1172 836 1216 criminatione
881 1171 1121 1230 adjuturus.
1202 1172 1458 1215 Rectissime
1511 1172 1600 1215 iam

206 1240 433 1300 Bentlejus
448 1242 497 1297 ³),
541 1256 627 1300 quo
662 1246 754 1285 erat
792 1241 960 1299 ingenii
989 1241 1198 1296 acumine,
1235 1237 1437 1297 Ἔλεγχον
1464 1240 1601 1285 tuisse

209 1309 471 1367 „prologum
502 1310 582 1355 sub
614 1310 684 1354 dei
712 1311 856 1369 specie
886 1310 941 1354 ab
968 1310 1166 1354 Elencho
1195 1311 1445 1354 narratum“
1476 1310 1599 1357 vidit.

207 1379 402 1426 Contulit
447 1394 546 1423 cum
576 1379 660 1423 hoc
690 1380 873 1439 prologo
903 1380 1131 1439 Bentlejus
1160 1382 1406 1435 Arcturum,
1451 1380 1526 1439 qui
1554 1381 1600 1424 in

206 1449 351 1493 Plauti
396 1449 597 1493 Rudente
647 1450 938 1508 proloquendi
982 1450 1127 1494 officio
1172 1449 1386 1507 fungitur;
1430 1450 1600 1506 melius,

206 1519 253 1562 ni
282 1518 424 1575 fallor,
470 1519 625 1563 afferre
662 1524 832 1577 poterat
860 1519 1132 1576 Trinumum,
1181 1520 1302 1578 cujus
1341 1519 1387 1562 in
1416 1518 1599 1577 prologo

205 1587 406 1630 Luxuria
450 1602 549 1630 cum
599 1588 861 1646 Paupertate
907 1589 953 1630 in
998 1602 1129 1631 scena
1171 1602 1217 1631 se
1255 1588 1446 1631 exhibet.
1516 1588 1600 1632 Oui

206 1661 353 1702 tamen
377 1656 611 1702 Menandri
640 1655 892 1701 comoediae
924 1656 1000 1701 ille
1030 1657 1284 1713 inservierit,
1319 1656 1452 1715 plane
1479 1657 1600 1715 igno-

207 1740 368 1783 ramus,
398 1727 457 1770 ita
490 1731 539 1769 ut
570 1732 771 1770 accurate
801 1725 889 1769 dici
917 1741 1007 1770 non
1035 1727 1194 1785 possit,
1239 1741 1345 1770 num
1374 1732 1601 1786 praeterea

207 1795 424 1854 quaedam
455 1795 677 1840 Lucianus
705 1810 761 1839 ex
794 1810 847 1840 ea
877 1794 1028 1840 fabula
1056 1795 1261 1840 hauserit.

323 1865 423 1908 Alia
455 1880 568 1923 quae
586 1865 808 1908 Lucianus
841 1879 865 1908 e
895 1865 1121 1909 comoedia
1150 1880 1267 1910 nova
1282 1871 1505 1910 mutuatus
1535 1872 1601 1909 est

207 1934 243 1977 si
284 1935 383 1991 quis
426 1948 687 1992 cognoscere
718 1936 849 1993 cupit,
895 1934 1075 1979 Plautus
1121 1942 1164 1979 et
1193 1935 1423 1979 Terentius
1456 1950 1599 1980 novae

206 2097 359 2131 Diodori
383 2097 433 2132 ib.
461 2109 494 2142 p.
524 2098 593 2131 543
620 2108 673 2141 sq.
732 2097 953 2140 Quamquam
979 2097 1114 2132 similia
1142 2098 1179 2132 in
1204 2109 1300 2133 nova
1323 2097 1509 2132 comoedia
1533 2098 1600 2132 ali-

206 2155 371 2199 quotines
406 2156 559 2188 tractata
597 2164 675 2189 esse
714 2158 865 2198 constat,
904 2155 949 2189 ef.
985 2155 1114 2201 fragm.
1139 2155 1280 2191 Nicolai
1317 2166 1374 2202 ap.
1402 2156 1511 2190 Mein.
1536 2155 1598 2190 1V.

205 2224 240 2257 p.
268 2215 348 2248 579.
662 2252 667 2257 ,

303 2272 338 2313 1)
362 2270 415 2305 cf.
442 2270 552 2304 Mein.
576 2270 639 2304 tv.
663 2281 699 2314 p.
725 2271 781 2304 56.

299 2329 334 2375 2)
364 2328 534 2363 Virorum
559 2328 745 2364 doctorum
769 2329 926 2372 nomina,
956 2330 1018 2373 qui
1041 2331 1150 2376 primi
1174 2330 1289 2366 hance
1312 2340 1387 2365 rem
1410 2340 1598 2375 perspexe-

206 2389 301 2430 runt,
341 2386 415 2422 vid.
444 2398 501 2433 ap.
524 2386 684 2422 Meinek.
713 2387 751 2421 in
778 2386 963 2424 Menandr.
994 2390 1030 2421 et
1060 2388 1279 2425 Philemonis
1302 2388 1442 2433 Reliqu.
1466 2388 1601 2432 (Bet-ol.v

209 2445 317 2489 1823)
342 2445 454 2490 praef.
483 2456 518 2490 p.
542 2444 694 2480 XXXV.

300 2504 336 2548 3)
360 2502 546 2538 Emendat.
583 2504 622 2537 in
657 2503 842 2538 Menandr.
882 2507 918 2538 et
953 2504 1103 2540 Philam.
1136 2517 1172 2550 p.
1196 2506 1275 2548 460,
1312 2515 1406 2550 pone
1436 2504 1601 2540 Meinek.

205 2559 302 2596 Men.
327 2564 362 2596 et
386 2561 478 2596 Phil.
503 2560 644 2605 Reliqu.
