1792 3125
862 130 921 178 28

186 258 262 303 dia
302 258 589 318 depromptus
606 253 641 321 ¹)
685 259 853 324 citatur.
915 260 1149 304 Praeterea
1186 271 1274 301 uno
1311 257 1464 303 saltem
1494 258 1589 303 loco

185 327 435 371 Lucianum
482 329 700 373 imitatum
745 345 840 373 esse
871 328 1103 373 Alexidem
1141 327 1431 371 demonstrari
1460 342 1590 386 posse

187 395 333 441 credo.
391 396 446 441 In
478 397 724 455 fragmento
757 399 873 443 enim
903 398 1065 457 leporis
1092 398 1224 456 pleno
1258 396 1377 455 quod
1398 398 1591 441 servavit

185 465 343 512 Athen.
376 466 454 510 VL
483 463 587 511 224f
632 466 787 511 Alexis
835 469 1033 512 homines
1081 465 1293 525 quosdam
1340 465 1589 510 fastidiosos

187 532 294 579 dicit

758 637 769 649 .
799 600 876 654 τὰς
906 638 916 649 .
947 636 957 648 .
991 602 1127 664 ὀφρῦς

543 673 726 728 ἔχοντας
754 671 902 718 ἐπάνω
928 675 1006 732 τῆς
1031 676 1235 735 κορυφῆς.

188 741 329 787 Simili
374 742 552 788 dicendi
593 744 762 787 ratione
799 742 1019 788 Lucianus
1063 744 1122 789 ad
1154 745 1433 790 indicandam
1469 747 1600 788 ‘sum-·

187 828 304 857 mam
353 827 440 871 qua
484 814 582 872 quis
625 811 803 857 inflatus
850 818 915 857 est
944 813 1195 872 superbiam
1239 816 1286 858 in
1313 814 1430 859 Dial.
1462 813 1589 861 Mort.

185 882 244 928 X.
270 879 298 926 9
344 883 502 927 utitur:
561 888 746 941 rogante
793 883 909 926 enim
954 882 1183 942 Menippo:
1238 884 1387 942 βούλει
1431 879 1591 941 μικρὸν

185 947 412 1009 ἀφέλωμαι
441 952 514 997 καὶ
539 953 626 997 τῶν
658 948 858 1010 ὄφρῦων;
886 952 1075 996 Hermes
1104 953 1362 1012 respondet:
1389 953 1590 1010 μάλιστα·

186 1019 298 1081 ὑπὲρ
329 1019 382 1066 τὸ
411 1026 620 1078 μέτωπον
649 1018 732 1078 γὰρ
762 1022 833 1065 καὶ
862 1022 1020 1070 ταύτας
1049 1020 1294 1080 ἐπῆρκενῖ).

304 1090 584 1149 Quamquam
626 1091 759 1147 igitur
802 1105 1024 1148 perpauca
1065 1097 1235 1134 tantum
1283 1107 1307 1134 e
1344 1091 1490 1135 media
1522 1105 1591 1135 co-

186 1158 362 1202 moedia
394 1159 627 1217 desumpta
675 1160 721 1201 in
763 1159 950 1202 Luciani
991 1159 1164 1217 scriptis
1194 1159 1407 1217 indagare
1438 1174 1592 1216 possu-

188 1243 299 1284 mus,
325 1229 518 1285 graviter
537 1234 685 1273 tamen
706 1227 948 1287 decipietur
969 1228 1021 1284 is,
1054 1229 1129 1287 qui
1149 1227 1274 1272 illum
1295 1244 1386 1273 non
1407 1228 1591 1273 mult-um

188 1311 365 1341 curasse
397 1297 669 1342 comoediam
696 1297 883 1342 mediam
904 1298 1133 1356 putaverit.
1194 1298 1319 1342 Haec
1349 1298 1465 1341 enim
1492 1312 1591 1341 cum

187 1368 234 1411 in
265 1367 407 1411 tribus
436 1368 711 1426 potissimum
742 1366 873 1411 rebus
904 1366 1223 1425 pertractandis
1252 1373 1513 1420 versaretur,
1545 1367 1592 1410 in

188 1437 329 1495 poetis
359 1441 401 1479 et
430 1436 544 1480 vivis
574 1443 618 1479 et
645 1436 866 1495 prioribus
893 1436 1189 1493 recensendis,
1223 1438 1270 1480 in
1296 1436 1418 1494 vulgi
1441 1451 1591 1495 super-

190 1505 437 1549 stitionibus
458 1505 729 1561 refellendis,
762 1507 807 1549 in
828 1506 1187 1564 philosophorum
1208 1507 1382 1564 ineptiis
1415 1513 1457 1549 et
1477 1521 1592 1550 vana

188 1575 480 1618 ostentatione
495 1574 718 1618 irridenda
730 1575 780 1631 ³),
797 1589 983 1633 cumque
999 1574 1223 1618 Lucianus
1239 1589 1418 1633 prorsus
1438 1574 1592 1618 eadem

189 1649 447 1700 argumenta
494 1645 666 1702 scriptis
712 1646 802 1687 suis
851 1644 1099 1696 illustraret,
1146 1644 1267 1688 haud
1305 1645 1400 1688 sine
1442 1644 1592 1702 aliqua

187 1712 386 1756 veritatis
417 1710 566 1772 specie
597 1713 738 1772 possis
776 1713 1006 1772 conjicere,
1050 1712 1266 1772 permulta
1297 1712 1538 1758 Lucianum
1567 1728 1590 1757 e

188 1782 359 1826 mediae
411 1782 666 1827 comoediae
711 1784 852 1841 poetis
883 1782 1096 1838 hausisse,
1140 1798 1254 1841 quae
1284 1789 1444 1838 tamen,
1490 1798 1590 1826 cum

188 1850 253 1894 nil
293 1850 533 1895 habeamus
573 1852 658 1895 nisi
685 1851 934 1910 fragmenta
964 1851 1110 1895 lacera
1147 1866 1200 1895 ac
1232 1850 1429 1911 disjecta,
1472 1866 1590 1895 nunc

188 1920 310 1963 nullo
341 1926 469 1978 pacto
507 1922 750 1965 accuratius
781 1921 1048 1978 investigare
1078 1920 1179 1963 licet
1189 1920 1239 1974 ⁴²).

283 2087 320 2127 1)
344 2085 490 2128 Fragm.
514 2086 583 2118 inc.
608 2084 780 2117 XXXIII.
805 2084 916 2117 Mein.

282 2143 319 2186 2)
356 2142 463 2176 Hunc
507 2142 546 2175 ni
591 2141 699 2176 fallor
736 2142 854 2176 locum
893 2141 1064 2175 Amorum
1107 2142 1233 2175 auctor
1270 2140 1430 2184 respexit
1469 2150 1498 2174 c.
1526 2140 1587 2173 54:

188 2197 489 2250 μετιωρολέσχαι
521 2193 559 2234 δὲ
591 2200 656 2234 καὶ
686 2190 771 2234 ὅσοι
802 2193 872 2242 τὴν
897 2197 1131 2244 φιλοσοφίας
1164 2192 1289 2248 ὀφρὺν
1321 2194 1409 2247 ὑπὲρ
1445 2191 1589 2238 αὐτούς

188 2252 278 2301 τούς
302 2253 524 2310 κροτάφους
553 2253 787 2309 ὑπερήρκασι,

281 2318 319 2359 3)
343 2315 513 2350 Meineke
540 2315 636 2349 Hist.
662 2316 741 2350 crit.
769 2316 848 2350 278.
874 2315 956 2349 285.
980 2316 1049 2349 287
1076 2325 1127 2358 sq.

281 2377 319 2417 4)
347 2374 388 2407 In
414 2373 632 2417 Antiphanis
656 2367 843 2419 Διδύμοις
868 2373 991 2416 (Mein.
1008 2373 1073 2406 111.
1095 2384 1129 2416 p.
1146 2373 1220 2416 45),
1242 2374 1283 2405 ut
1307 2371 1482 2405 nonnulla
1505 2370 1588 2405 affe-

186 2442 320 2474 ramus,
337 2432 441 2476 plane
457 2431 600 2467 eaedem
618 2431 858 2476 cogitationes
878 2433 985 2474 atque
1001 2431 1038 2464 in
1053 2430 1204 2464 Luciani
1218 2429 1382 2464 Parasito
1399 2422 1587 2474 leguntur.-

187 2493 403 2535 quapropter
430 2490 499 2524 hac
523 2491 582 2524 vel
607 2489 719 2524 simili
743 2489 864 2533 aliqua
892 2488 1014 2523 fabula
1040 2488 1251 2533 scriptorem
1278 2497 1382 2521 usum
1411 2497 1485 2520 esse
1506 2487 1588 2529 jure

186 2547 275 2582 mlhi
300 2548 427 2582 videor
451 2547 675 2582 concludere.
724 2547 778 2582 Cf.
807 2547 934 2591 fragm.
961 2546 1124 2581 Alexidis
1148 2557 1206 2591 ap.
1223 2546 1333 2580 Mein.
1358 2545 1424 2578 111.
1452 2554 1487 2587 p.
1505 2544 1586 2577 433.
