1792 3125
863 147 923 195 40

190 274 458 339 quamquam
490 277 606 321 Adv.
637 278 736 323 Ind.
763 275 824 325 22
868 294 914 323 se
956 277 1132 322 illorum
1170 270 1313 322 mores
1342 276 1448 321 satis
1480 291 1595 321 com-

191 354 340 408 pertos
379 347 590 391 habuisse
630 348 806 392 indicat.
867 349 1007 392 Caute
1037 348 1172 405 igitur
1204 354 1248 391 et
1282 349 1596 404 circumspecte

191 419 246 474 ei,
293 418 370 476 qui
414 416 654 476 aliquando
690 418 798 462 artis
831 418 1130 477 pantomimae
1160 417 1383 461 historiam
1412 417 1598 462 conscri-

190 488 297 531 bere
329 486 452 543 velit,
483 486 673 531 Luciani
705 486 883 545 dialogo
913 486 1124 531 utendum
1155 486 1468 533 existimamus.

835 754 878 806 ξς
917 748 957 796 6.

316 900 399 943 His
430 916 544 958 quae
573 901 628 944 de
658 903 792 944 variis
813 916 994 958 poeseos
1015 901 1252 958 generibus
1273 902 1602 958 disputavimus,

196 968 372 1028 singula
392 969 610 1028 quaedam
632 984 689 1013 ex
709 970 849 1029 poetis
870 985 897 1014 a
913 969 1110 1015 Luciano
1131 975 1355 1030 assumpta
1375 969 1602 1018 addemus.

317 1038 596 1082 Comicorum
625 1055 945 1098 anonymorum
980 1055 1133 1083 versus
1164 1056 1191 1083 a
1220 1041 1414 1083 Luciano
1444 1040 1512 1083 his
1543 1040 1604 1083 lo—

198 1109 260 1151 cis
292 1108 504 1153 citantur:
548 1108 680 1155 Herc.
697 1107 739 1153 5.
769 1108 906 1152 Musc.
941 1110 1046 1153 Enc.
1071 1108 1139 1155 11.
1168 1108 1272 1167 Jup.
1294 1109 1424 1166 Trag.
1442 1105 1512 1154 32.
1532 1105 1603 1163 38,

198 1176 254 1222 cf.
289 1176 426 1220 Mein.
457 1177 636 1235 Fragm.
666 1177 745 1223 IV.
774 1175 861 1224 563
893 1184 935 1222 et
965 1178 1119 1236 Suppl.
1150 1178 1206 1222 ad
1237 1180 1324 1223 vol.
1354 1177 1419 1222 IV
1447 1179 1492 1221 in
1516 1178 1606 1222 vol.

196 1244 262 1288 VI
307 1261 351 1303 p.
387 1245 672 1293 GOOLXIII.
749 1247 850 1291 Non
896 1248 983 1291 huc
1014 1249 1234 1306 pertinere
1272 1263 1447 1291 versum
1477 1253 1604 1291 tetra-

197 1319 386 1358 metrum
430 1316 475 1359 in
517 1315 591 1359 Al.
621 1313 694 1371 25,
740 1323 787 1360 ut
834 1318 1037 1375 opinatur
1068 1316 1291 1373 Meineke,
1338 1317 1604 1370 Fritzschius

198 1384 227 1431 1.
259 1399 298 1431 c.
327 1386 569 1429 rectissime
595 1385 779 1445 judicat.

314 1454 454 1513 Imag.
477 1452 533 1499 19
564 1460 696 1513 poeta
726 1456 904 1515 quidam
938 1470 1092 1499 canem
1114 1455 1362 1513 appellasse
1382 1455 1622 1500 λεοντοδά-.

196 1539 285 1581 μαν
304 1523 487 1568 dicitur:
520 1524 704 1569 fortasse
722 1525 945 1569 Pindarus
968 1531 1034 1569 est
1053 1523 1385 1582 intellegendus.
1434 1525 1607 1570 Eodem

199 1594 297 1637 loco
333 1594 443 1637 haec
482 1594 618 1639 verba
658 1595 881 1652 leguntur:
935 1589 1043 1638 ἀλλὰ
1083 1594 1179 1642 πῶς
1214 1592 1402 1654 ἐπῄνεσε
1428 1592 1609 1654 ποιητὴς

199 1660 436 1719 εὐδόκιμος
475 1659 556 1708 τόν
589 1664 805 1716 Γλαῦκον,
852 1663 956 1708 οὐδὲ
989 1661 1298 1712 Πολυδεύκεος
1337 1666 1439 1720 βίαν
1466 1662 1608 1721 φήσας

199 1728 516 1777 ἀνατείνασθαι
546 1729 600 1776 ἂν
632 1732 751 1791 αὐτῷ
773 1731 969 1782 ἐναντίας
998 1730 1075 1780 τὰς
1096 1737 1258 1789 χεῖρας,
1284 1730 1386 1776 οὐδὲ
1405 1731 1609 1789 σιδάρεον

196 1797 441 1860 Ἀλκμήνας
470 1806 612 1857 τέκος;
647 1802 773 1846 Haec
804 1818 827 1845 e
858 1801 1050 1846 carmine
1083 1801 1232 1860 aliquo
1252 1801 1479 1847 victoriam
1500 1801 1608 1846 cele-

200 1871 358 1915 brante
396 1872 534 1916 ascita
572 1887 667 1916 esse
707 1876 896 1915 constat:
945 1870 1023 1914 sed
1064 1877 1210 1915 utrum
1247 1871 1306 1915 ad
1337 1871 1608 1916 Simonidem

202 1941 270 1999 (ut
301 1941 445 1984 visum
481 1948 546 1985 est
573 1940 796 1985 Meinekio
828 1940 886 1985 ad
916 1939 1109 1998 Euphor.
1142 1956 1185 1998 p.
1215 1937 1289 1996 82)
1329 1957 1385 1985 an
1423 1941 1480 1985 ad
1507 1940 1608 1984 Pin-

203 2010 359 2054 darum
410 2010 483 2066 (cf.
516 2011 667 2058 Jacob.
709 2011 766 2055 ad
804 2011 916 2055 Luc.
951 2009 1083 2054 Alex.
1113 2008 1190 2067 57)
1235 2010 1468 2055 referenda
1509 2010 1607 2067 sint,

201 2080 280 2123 vix
309 2080 368 2123 ad
397 2080 613 2139 liquidum
647 2081 832 2139 perduci
865 2095 994 2138 posse
1025 2079 1301 2123 arbitramur.

322 2148 524 2196 Calumn.
557 2148 607 2194 8:
650 2150 764 2208 μηδὲ
796 2150 922 2208 δίκην
954 2147 1133 2208 δικάσῃς
1164 2149 1272 2207 πρὶν
1302 2148 1433 2206 ἄμφω
1462 2148 1610 2205 μῦθον

205 2215 410 2277 ἀκούσηςε
461 2221 536 2278 qui
565 2234 731 2275 versus,
782 2219 862 2262 etsi
895 2233 921 2261 a
952 2218 1097 2262 Schol.
1130 2218 1362 2277 Phocylidi
1393 2217 1609 2273 tribuitur,

204 2287 486 2333 vehementer
531 2295 679 2333 tamen
725 2295 790 2333 est
828 2288 1003 2342 dubius,
1048 2302 1148 2332 cum
1192 2287 1359 2332 scholia
1388 2287 1611 2332 Lucianea

207 2357 428 2403 codicibus
463 2374 489 2403 a
508 2359 763 2418 Byzantinis
786 2358 1005 2417 adscripta
1025 2357 1243 2402 erroribus
1267 2363 1470 2404 scateant.
1522 2358 1609 2401 He-

206 2427 320 2471 siodi
366 2443 473 2471 num
523 2429 587 2482 sit,
636 2428 806 2472 dubitat
835 2428 1032 2472 Muretus
1065 2428 1168 2473 Var.
1199 2427 1321 2475 Lect.
1353 2427 1440 2471 VII
1470 2442 1508 2474 c.
1540 2423 1610 2471 18.

323 2497 453 2545 Alex.
485 2494 542 2543 14
571 2497 708 2542 verba
740 2499 807 2547 δὶς
836 2492 1047 2552 τεχθένθ’
1080 2493 1153 2542 ὅτε
1180 2496 1215 2541 τ’
1224 2495 1344 2541 ἄλλοι
1374 2493 1495 2549 ἅπαξ
1522 2499 1611 2541 τίκ·

205 2581 355 2612 τονται
379 2565 618 2626 ἄνθρωποι
649 2582 826 2613 versum
846 2568 1069 2613 heroicum
1091 2566 1265 2612 efficere
1285 2567 1453 2626 primus
1472 2565 1610 2610 Fritz-
