<?xml version="1.0" encoding="UTF-8"?>
<!DOCTYPE html PUBLIC "-//W3C//DTD XHTML 1.0 Transitional//EN"
    "http://www.w3.org/TR/xhtml1/DTD/xhtml1-transitional.dtd">
<html xmlns="http://www.w3.org/1999/xhtml" xml:lang="en" lang="en">
 <head>
  <title>
</title>
<meta http-equiv="Content-Type" content="text/html;charset=utf-8" />
  <meta name='ocr-system' content='tesseract 3.04.00' />
  <meta name='ocr-capabilities' content='ocr_page ocr_carea ocr_par ocr_line ocrx_word'/>
</head>
<body>
  <div class='ocr_page' id='page_1' title='image "4737215_0013.png"; bbox 0 0 1792 3125; ppageno 0'>
   <div class='ocr_carea' id='block_1_1' title="bbox 865 889 986 951">
    <p class='ocr_par' dir='ltr' id='par_1_1' title="bbox 865 889 986 951">
     <span class='ocr_line' id='line_1_1' title="bbox 865 889 986 951; baseline -0.041 -12"><span class='ocrx_word' id='word_1_1' title='bbox 865 890 912 951; x_wconf 59' lang='grc' dir='ltr'><strong>ξ.</strong></span> <span class='ocrx_word' id='word_1_2' title='bbox 946 889 986 935; x_wconf 91' lang='lat'><strong>1.</strong></span> 
     </span>
    </p>
   </div>
   <div class='ocr_carea' id='block_1_2' title="bbox 223 1016 1635 2670">
    <p class='ocr_par' dir='ltr' id='par_1_2' title="bbox 223 1016 1634 2320">
     <span class='ocr_line' id='line_1_2' title="bbox 342 1016 1631 1076; baseline 0 -15"><span class='ocrx_word' id='word_1_3' title='bbox 342 1019 534 1075; x_wconf 84' lang='lat' dir='ltr'><strong>Initium,</strong></span> <span class='ocrx_word' id='word_1_4' title='bbox 565 1024 615 1061; x_wconf 91' lang='lat' dir='ltr'><strong>ut</strong></span> <span class='ocrx_word' id='word_1_5' title='bbox 645 1032 727 1076; x_wconf 87' lang='lat' dir='ltr'><strong>par</strong></span> <span class='ocrx_word' id='word_1_6' title='bbox 757 1023 834 1074; x_wconf 90' lang='lat' dir='ltr'><strong>est,</strong></span> <span class='ocrx_word' id='word_1_7' title='bbox 865 1017 1117 1061; x_wconf 88' lang='lat' dir='ltr'><strong>faciendum</strong></span> <span class='ocrx_word' id='word_1_8' title='bbox 1149 1017 1205 1061; x_wconf 92' lang='lat' dir='ltr'><strong>ab</strong></span> <span class='ocrx_word' id='word_1_9' title='bbox 1231 1016 1450 1061; x_wconf 84' lang='lat' dir='ltr'><strong>Homero:</strong></span> <span class='ocrx_word' id='word_1_10' title='bbox 1499 1032 1631 1076; x_wconf 92' lang='lat' dir='ltr'><strong>quem</strong></span> 
     </span>
     <span class='ocr_line' id='line_1_3' title="bbox 227 1086 1630 1148; baseline -0.001 -16"><span class='ocrx_word' id='word_1_11' title='bbox 227 1088 404 1148; x_wconf 90' lang='lat' dir='ltr'><strong>quidem</strong></span> <span class='ocrx_word' id='word_1_12' title='bbox 436 1104 463 1132; x_wconf 93' lang='lat' dir='ltr'><strong>a</strong></span> <span class='ocrx_word' id='word_1_13' title='bbox 481 1088 681 1132; x_wconf 87' lang='lat' dir='ltr'><strong>Luciano</strong></span> <span class='ocrx_word' id='word_1_14' title='bbox 712 1102 804 1131; x_wconf 89' lang='lat' dir='ltr'><strong>non</strong></span> <span class='ocrx_word' id='word_1_15' title='bbox 835 1087 981 1131; x_wconf 89' lang='lat' dir='ltr'><strong>minus</strong></span> <span class='ocrx_word' id='word_1_16' title='bbox 1010 1102 1143 1146; x_wconf 90' lang='lat' dir='ltr'><strong>quam</strong></span> <span class='ocrx_word' id='word_1_17' title='bbox 1176 1102 1204 1131; x_wconf 90' lang='lat' dir='ltr'><strong>a</strong></span> <span class='ocrx_word' id='word_1_18' title='bbox 1234 1086 1390 1131; x_wconf 89' lang='lat' dir='ltr'><strong>ceteris</strong></span> <span class='ocrx_word' id='word_1_19' title='bbox 1425 1086 1630 1131; x_wconf 90' lang='lat' dir='ltr'><strong>omnibus</strong></span> 
     </span>
     <span class='ocr_line' id='line_1_4' title="bbox 226 1155 1630 1214; baseline 0 -13"><span class='ocrx_word' id='word_1_20' title='bbox 226 1157 407 1201; x_wconf 84' lang='lat' dir='ltr'><strong>Graecis</strong></span> <span class='ocrx_word' id='word_1_21' title='bbox 448 1157 674 1201; x_wconf 90' lang='lat' dir='ltr'><strong>literarum</strong></span> <span class='ocrx_word' id='word_1_22' title='bbox 703 1155 973 1200; x_wconf 83' lang='lat' dir='ltr'><strong>Graecarum</strong></span> <span class='ocrx_word' id='word_1_23' title='bbox 1013 1156 1182 1200; x_wconf 90' lang='lat' dir='ltr'><strong>fontem</strong></span> <span class='ocrx_word' id='word_1_24' title='bbox 1215 1157 1499 1214; x_wconf 91' lang='lat' dir='ltr'><strong>omniumque</strong></span> <span class='ocrx_word' id='word_1_25' title='bbox 1528 1172 1630 1214; x_wconf 89' lang='lat' dir='ltr'><strong>poe-</strong></span> 
     </span>
     <span class='ocr_line' id='line_1_5' title="bbox 225 1225 1631 1284; baseline -0.001 -13"><span class='ocrx_word' id='word_1_26' title='bbox 225 1234 369 1271; x_wconf 89' lang='lat' dir='ltr'><strong>tarum</strong></span> <span class='ocrx_word' id='word_1_27' title='bbox 413 1227 547 1284; x_wconf 86' lang='lat' dir='ltr'><strong>longe</strong></span> <span class='ocrx_word' id='word_1_28' title='bbox 591 1226 1014 1284; x_wconf 87' lang='lat' dir='ltr'><strong>praestantissimum</strong></span> <span class='ocrx_word' id='word_1_29' title='bbox 1059 1225 1257 1270; x_wconf 86' lang='lat' dir='ltr'><strong>habitum</strong></span> <span class='ocrx_word' id='word_1_30' title='bbox 1290 1240 1386 1269; x_wconf 91' lang='lat' dir='ltr'><strong>esse</strong></span> <span class='ocrx_word' id='word_1_31' title='bbox 1431 1225 1575 1270; x_wconf 92' lang='lat' dir='ltr'><strong>elucet</strong></span> <span class='ocrx_word' id='word_1_32' title='bbox 1606 1241 1631 1269; x_wconf 94' lang='lat' dir='ltr'><strong>e</strong></span> 
     </span>
     <span class='ocr_line' id='line_1_6' title="bbox 225 1291 1630 1354; baseline -0.001 -15"><span class='ocrx_word' id='word_1_33' title='bbox 225 1296 322 1339; x_wconf 89' lang='lat' dir='ltr'><strong>loco</strong></span> <span class='ocrx_word' id='word_1_34' title='bbox 355 1297 429 1354; x_wconf 91' lang='lat' dir='ltr'><strong>qui</strong></span> <span class='ocrx_word' id='word_1_35' title='bbox 464 1302 530 1339; x_wconf 89' lang='lat' dir='ltr'><strong>est</strong></span> <span class='ocrx_word' id='word_1_36' title='bbox 560 1296 608 1338; x_wconf 91' lang='lat' dir='ltr'><strong>in</strong></span> <span class='ocrx_word' id='word_1_37' title='bbox 635 1294 733 1338; x_wconf 89' lang='lat' dir='ltr'><strong>Jov.</strong></span> <span class='ocrx_word' id='word_1_38' title='bbox 759 1294 893 1350; x_wconf 87' lang='lat' dir='ltr'><strong>Trag.</strong></span> <span class='ocrx_word' id='word_1_39' title='bbox 925 1291 996 1338; x_wconf 84' lang='lat'><strong>39.</strong></span> <span class='ocrx_word' id='word_1_40' title='bbox 1066 1294 1273 1352; x_wconf 86' lang='lat' dir='ltr'><strong>Inprimis</strong></span> <span class='ocrx_word' id='word_1_41' title='bbox 1304 1300 1573 1338; x_wconf 90' lang='lat' dir='ltr'><strong>memoratur</strong></span> <span class='ocrx_word' id='word_1_42' title='bbox 1602 1309 1630 1337; x_wconf 89' lang='lat' dir='ltr'><strong>a</strong></span> 
     </span>
     <span class='ocr_line' id='line_1_7' title="bbox 225 1359 1632 1422; baseline -0.002 -14"><span class='ocrx_word' id='word_1_43' title='bbox 225 1365 422 1408; x_wconf 85' lang='lat' dir='ltr'><strong>Luciano</strong></span> <span class='ocrx_word' id='word_1_44' title='bbox 464 1366 555 1421; x_wconf 88' lang='lat' dir='ltr'><strong>ejus</strong></span> <span class='ocrx_word' id='word_1_45' title='bbox 588 1364 800 1422; x_wconf 81' lang='lat' dir='ltr'><strong>sapientia</strong></span> <span class='ocrx_word' id='word_1_46' title='bbox 840 1365 1015 1418; x_wconf 68' lang='grc' dir='ltr'>(σοφίαι</span> <span class='ocrx_word' id='word_1_47' title='bbox 1047 1362 1181 1409; x_wconf 81' lang='lat' dir='ltr'><strong>Merc.</strong></span> <span class='ocrx_word' id='word_1_48' title='bbox 1216 1362 1356 1406; x_wconf 85' lang='lat' dir='ltr'><strong>Oond.</strong></span> <span class='ocrx_word' id='word_1_49' title='bbox 1389 1359 1483 1418; x_wconf 83' lang='lat'><strong>25),</strong></span> <span class='ocrx_word' id='word_1_50' title='bbox 1527 1362 1632 1406; x_wconf 90' lang='lat' dir='ltr'><strong>dein</strong></span> 
     </span>
     <span class='ocr_line' id='line_1_8' title="bbox 223 1431 1631 1489; baseline -0.002 -12"><span class='ocrx_word' id='word_1_51' title='bbox 223 1449 314 1477; x_wconf 90' lang='lat' dir='ltr'><strong>non</strong></span> <span class='ocrx_word' id='word_1_52' title='bbox 341 1449 429 1477; x_wconf 90' lang='lat' dir='ltr'><strong>uno</strong></span> <span class='ocrx_word' id='word_1_53' title='bbox 459 1433 559 1476; x_wconf 92' lang='lat' dir='ltr'><strong>loco</strong></span> <span class='ocrx_word' id='word_1_54' title='bbox 588 1433 682 1489; x_wconf 89' lang='lat' dir='ltr'><strong>ejus</strong></span> <span class='ocrx_word' id='word_1_55' title='bbox 710 1432 917 1489; x_wconf 85' lang='lat' dir='ltr'><strong>gravitas,</strong></span> <span class='ocrx_word' id='word_1_56' title='bbox 948 1431 1168 1489; x_wconf 87' lang='lat' dir='ltr'><strong>adquam</strong></span> <span class='ocrx_word' id='word_1_57' title='bbox 1198 1431 1479 1475; x_wconf 84' lang='lat' dir='ltr'><strong>indicandam</strong></span> <span class='ocrx_word' id='word_1_58' title='bbox 1511 1432 1631 1475; x_wconf 89' lang='lat' dir='ltr'><strong>hisce</strong></span> 
     </span>
     <span class='ocr_line' id='line_1_9' title="bbox 224 1494 1629 1560; baseline -0.001 -14"><span class='ocrx_word' id='word_1_59' title='bbox 224 1502 405 1547; x_wconf 84' lang='lat' dir='ltr'><strong>vocibus</strong></span> <span class='ocrx_word' id='word_1_60' title='bbox 435 1502 572 1545; x_wconf 80' lang='lat' dir='ltr'><strong>utitur</strong></span> <span class='ocrx_word' id='word_1_61' title='bbox 591 1500 836 1544; x_wconf 85' lang='lat' dir='ltr'><strong>Lucianus:</strong></span> <span class='ocrx_word' id='word_1_62' title='bbox 867 1498 1152 1558; x_wconf 82' lang='grc' dir='ltr'><em>μεγαλόφρων</em></span> <span class='ocrx_word' id='word_1_63' title='bbox 1175 1494 1364 1560; x_wconf 83' lang='grc' dir='ltr'><strong><em>Ὅμηρος</em></strong></span> <span class='ocrx_word' id='word_1_64' title='bbox 1393 1501 1483 1559; x_wconf 93' lang='lat' dir='ltr'><strong>(De</strong></span> <span class='ocrx_word' id='word_1_65' title='bbox 1513 1499 1629 1547; x_wconf 82' lang='lat' dir='ltr'><strong>Hist.</strong></span> 
     </span>
     <span class='ocr_line' id='line_1_10' title="bbox 225 1566 1632 1629; baseline -0.001 -13"><span class='ocrx_word' id='word_1_66' title='bbox 225 1569 318 1629; x_wconf 86' lang='lat'><strong>57),</strong></span> <span class='ocrx_word' id='word_1_67' title='bbox 344 1572 651 1628; x_wconf 83' lang='grc' dir='ltr'><em>μεγαληγορεῖν</em></span> <span class='ocrx_word' id='word_1_68' title='bbox 681 1568 851 1624; x_wconf 76' lang='lat' dir='ltr'><strong>(Sacris.</strong></span> <span class='ocrx_word' id='word_1_69' title='bbox 884 1566 942 1624; x_wconf 86' lang='grc'><strong>9),</strong></span> <span class='ocrx_word' id='word_1_70' title='bbox 972 1568 1387 1625; x_wconf 82' lang='grc' dir='ltr'><strong><em>μεγαλοφωνότατος</em></strong></span> <span class='ocrx_word' id='word_1_71' title='bbox 1415 1572 1503 1614; x_wconf 82' lang='grc' dir='ltr'><strong>τῶν</strong></span> <span class='ocrx_word' id='word_1_72' title='bbox 1532 1586 1632 1614; x_wconf 77' lang='grc' dir='ltr'><em>ποι-</em></span> 
     </span>
     <span class='ocr_line' id='line_1_11' title="bbox 227 1630 1631 1699; baseline -0.001 -15"><span class='ocrx_word' id='word_1_73' title='bbox 227 1640 340 1699; x_wconf 78' lang='grc' dir='ltr'><strong><em>ητῶν</em></strong></span> <span class='ocrx_word' id='word_1_74' title='bbox 370 1640 527 1694; x_wconf 90' lang='lat' dir='ltr'><strong>(Musc.</strong></span> <span class='ocrx_word' id='word_1_75' title='bbox 547 1637 731 1684; x_wconf 84' lang='lat' dir='ltr'><strong>Encom.</strong></span> <span class='ocrx_word' id='word_1_76' title='bbox 751 1637 813 1693; x_wconf 84' lang='lat'><strong>5).</strong></span> <span class='ocrx_word' id='word_1_77' title='bbox 872 1637 974 1681; x_wconf 92' lang='lat' dir='ltr'><strong>Vim</strong></span> <span class='ocrx_word' id='word_1_78' title='bbox 1004 1630 1126 1681; x_wconf 86' lang='lat' dir='ltr'><strong>illam</strong></span> <span class='ocrx_word' id='word_1_79' title='bbox 1157 1653 1335 1696; x_wconf 90' lang='lat' dir='ltr'><strong>prorsus</strong></span> <span class='ocrx_word' id='word_1_80' title='bbox 1367 1638 1631 1695; x_wconf 87' lang='lat' dir='ltr'><strong>mirandam,</strong></span> 
     </span>
     <span class='ocr_line' id='line_1_12' title="bbox 228 1707 1632 1768; baseline -0.001 -15"><span class='ocrx_word' id='word_1_81' title='bbox 228 1725 360 1768; x_wconf 91' lang='lat' dir='ltr'><strong>quam</strong></span> <span class='ocrx_word' id='word_1_82' title='bbox 397 1708 578 1752; x_wconf 82' lang='lat' dir='ltr'><strong>exhibet</strong></span> <span class='ocrx_word' id='word_1_83' title='bbox 613 1707 833 1752; x_wconf 87' lang='lat' dir='ltr'><strong>Homerus</strong></span> <span class='ocrx_word' id='word_1_84' title='bbox 873 1708 920 1750; x_wconf 92' lang='lat' dir='ltr'><strong>in</strong></span> <span class='ocrx_word' id='word_1_85' title='bbox 950 1707 1248 1752; x_wconf 82' lang='lat' dir='ltr'><strong>describendis</strong></span> <span class='ocrx_word' id='word_1_86' title='bbox 1278 1708 1483 1766; x_wconf 88' lang='lat' dir='ltr'><strong>procellis</strong></span> <span class='ocrx_word' id='word_1_87' title='bbox 1511 1723 1632 1752; x_wconf 90' lang='lat' dir='ltr'><strong>mare</strong></span> 
     </span>
     <span class='ocr_line' id='line_1_13' title="bbox 226 1775 1632 1834; baseline -0.001 -12"><span class='ocrx_word' id='word_1_88' title='bbox 226 1776 545 1834; x_wconf 86' lang='lat' dir='ltr'><strong>infestantibus,</strong></span> <span class='ocrx_word' id='word_1_89' title='bbox 580 1777 825 1822; x_wconf 89' lang='lat' dir='ltr'><strong>Lueianum</strong></span> <span class='ocrx_word' id='word_1_90' title='bbox 861 1776 975 1821; x_wconf 91' lang='lat' dir='ltr'><strong>bene</strong></span> <span class='ocrx_word' id='word_1_91' title='bbox 1006 1777 1192 1822; x_wconf 85' lang='lat' dir='ltr'><strong>sensisse</strong></span> <span class='ocrx_word' id='word_1_92' title='bbox 1232 1777 1420 1822; x_wconf 85' lang='lat' dir='ltr'><strong>ostendit</strong></span> <span class='ocrx_word' id='word_1_93' title='bbox 1452 1775 1632 1822; x_wconf 85' lang='lat' dir='ltr'><strong>Charon</strong></span> 
     </span>
     <span class='ocr_line' id='line_1_14' title="bbox 228 1845 1632 1906; baseline -0.001 -15"><span class='ocrx_word' id='word_1_94' title='bbox 228 1863 265 1891; x_wconf 93' lang='lat' dir='ltr'><strong>c.</strong></span> <span class='ocrx_word' id='word_1_95' title='bbox 298 1846 338 1899; x_wconf 83' lang='lat'><strong>7,</strong></span> <span class='ocrx_word' id='word_1_96' title='bbox 385 1862 472 1905; x_wconf 91' lang='lat' dir='ltr'><strong>quo</strong></span> <span class='ocrx_word' id='word_1_97' title='bbox 503 1852 653 1890; x_wconf 81' lang='lat' dir='ltr'><strong>tamen</strong></span> <span class='ocrx_word' id='word_1_98' title='bbox 691 1846 785 1890; x_wconf 89' lang='lat' dir='ltr'><strong>loco</strong></span> <span class='ocrx_word' id='word_1_99' title='bbox 825 1845 1022 1902; x_wconf 84' lang='lat' dir='ltr'><strong>ludicris,</strong></span> <span class='ocrx_word' id='word_1_100' title='bbox 1066 1852 1115 1890; x_wconf 91' lang='lat' dir='ltr'><strong>ut</strong></span> <span class='ocrx_word' id='word_1_101' title='bbox 1153 1846 1327 1902; x_wconf 89' lang='lat' dir='ltr'><strong>assolet,</strong></span> <span class='ocrx_word' id='word_1_102' title='bbox 1361 1848 1480 1903; x_wconf 87' lang='lat' dir='ltr'><strong>jocis</strong></span> <span class='ocrx_word' id='word_1_103' title='bbox 1513 1847 1632 1906; x_wconf 91' lang='lat' dir='ltr'><strong>judi-</strong></span> 
     </span>
     <span class='ocr_line' id='line_1_15' title="bbox 228 1915 1632 1975; baseline 0 -15"><span class='ocrx_word' id='word_1_104' title='bbox 228 1917 346 1960; x_wconf 92' lang='lat' dir='ltr'><strong>cium</strong></span> <span class='ocrx_word' id='word_1_105' title='bbox 387 1931 515 1960; x_wconf 90' lang='lat' dir='ltr'><strong>suum</strong></span> <span class='ocrx_word' id='word_1_106' title='bbox 554 1917 681 1975; x_wconf 89' lang='lat' dir='ltr'><strong>quasi</strong></span> <span class='ocrx_word' id='word_1_107' title='bbox 718 1915 916 1960; x_wconf 86' lang='lat' dir='ltr'><strong>involvit.</strong></span> <span class='ocrx_word' id='word_1_108' title='bbox 975 1915 1110 1960; x_wconf 88' lang='lat' dir='ltr'><strong>Porro</strong></span> <span class='ocrx_word' id='word_1_109' title='bbox 1141 1916 1335 1975; x_wconf 83' lang='lat' dir='ltr'><strong>epitheta</strong></span> <span class='ocrx_word' id='word_1_110' title='bbox 1361 1916 1440 1961; x_wconf 85' lang='lat' dir='ltr'><strong>illa</strong></span> <span class='ocrx_word' id='word_1_111' title='bbox 1467 1916 1632 1960; x_wconf 91' lang='lat' dir='ltr'><strong>Home-</strong></span> 
     </span>
     <span class='ocr_line' id='line_1_16' title="bbox 228 1985 1634 2044; baseline -0.001 -14"><span class='ocrx_word' id='word_1_112' title='bbox 228 1988 331 2042; x_wconf 91' lang='lat' dir='ltr'><strong>rica,</strong></span> <span class='ocrx_word' id='word_1_113' title='bbox 360 1986 517 2044; x_wconf 91' lang='lat' dir='ltr'><strong>quibus</strong></span> <span class='ocrx_word' id='word_1_114' title='bbox 547 2000 617 2029; x_wconf 90' lang='lat' dir='ltr'><strong>res</strong></span> <span class='ocrx_word' id='word_1_115' title='bbox 647 1991 723 2029; x_wconf 90' lang='lat' dir='ltr'><strong>aut</strong></span> <span class='ocrx_word' id='word_1_116' title='bbox 752 2000 963 2043; x_wconf 84' lang='lat' dir='ltr'><strong>personas</strong></span> <span class='ocrx_word' id='word_1_117' title='bbox 993 1992 1083 2029; x_wconf 88' lang='lat' dir='ltr'><strong>tam</strong></span> <span class='ocrx_word' id='word_1_118' title='bbox 1108 1985 1260 2030; x_wconf 86' lang='lat' dir='ltr'><strong>vivide</strong></span> <span class='ocrx_word' id='word_1_119' title='bbox 1292 1986 1491 2044; x_wconf 86' lang='lat' dir='ltr'><strong>depingit</strong></span> <span class='ocrx_word' id='word_1_120' title='bbox 1511 2000 1634 2043; x_wconf 85' lang='lat' dir='ltr'><strong>mag-</strong></span> 
     </span>
     <span class='ocr_line' id='line_1_17' title="bbox 228 2054 1632 2115; baseline -0.001 -15"><span class='ocrx_word' id='word_1_121' title='bbox 228 2072 312 2100; x_wconf 88' lang='lat' dir='ltr'><strong>nus</strong></span> <span class='ocrx_word' id='word_1_122' title='bbox 341 2062 486 2115; x_wconf 87' lang='lat' dir='ltr'><strong>poeta,</strong></span> <span class='ocrx_word' id='word_1_123' title='bbox 533 2061 581 2099; x_wconf 92' lang='lat' dir='ltr'><strong>ut</strong></span> <span class='ocrx_word' id='word_1_124' title='bbox 613 2054 752 2099; x_wconf 90' lang='lat' dir='ltr'><strong>oculis</strong></span> <span class='ocrx_word' id='word_1_125' title='bbox 778 2070 853 2098; x_wconf 88' lang='lat' dir='ltr'><strong>eas</strong></span> <span class='ocrx_word' id='word_1_126' title='bbox 882 2069 1061 2098; x_wconf 91' lang='lat' dir='ltr'><strong>cernere</strong></span> <span class='ocrx_word' id='word_1_127' title='bbox 1089 2054 1216 2099; x_wconf 91' lang='lat' dir='ltr'><strong>nobis</strong></span> <span class='ocrx_word' id='word_1_128' title='bbox 1245 2054 1490 2112; x_wconf 84' lang='lat' dir='ltr'><strong>videamur,</strong></span> <span class='ocrx_word' id='word_1_129' title='bbox 1531 2070 1632 2099; x_wconf 91' lang='lat' dir='ltr'><strong>cum</strong></span> 
     </span>
     <span class='ocr_line' id='line_1_18' title="bbox 229 2122 1633 2182; baseline -0.001 -12"><span class='ocrx_word' id='word_1_130' title='bbox 229 2125 361 2170; x_wconf 90' lang='lat' dir='ltr'><strong>laude</strong></span> <span class='ocrx_word' id='word_1_131' title='bbox 394 2126 667 2182; x_wconf 83' lang='lat' dir='ltr'><strong>attinguntur</strong></span> <span class='ocrx_word' id='word_1_132' title='bbox 692 2124 832 2181; x_wconf 73' lang='lat' dir='ltr'><strong>Imag,</strong></span> <span class='ocrx_word' id='word_1_133' title='bbox 854 2122 894 2169; x_wconf 91' lang='grc'><strong>8.</strong></span> <span class='ocrx_word' id='word_1_134' title='bbox 955 2124 1142 2168; x_wconf 90' lang='lat' dir='ltr'><strong>Prorsus</strong></span> <span class='ocrx_word' id='word_1_135' title='bbox 1163 2126 1367 2182; x_wconf 87' lang='lat' dir='ltr'><strong>egregius</strong></span> <span class='ocrx_word' id='word_1_136' title='bbox 1387 2131 1453 2168; x_wconf 89' lang='lat' dir='ltr'><strong>est</strong></span> <span class='ocrx_word' id='word_1_137' title='bbox 1472 2124 1633 2168; x_wconf 89' lang='lat' dir='ltr'><strong>Home-</strong></span> 
     </span>
     <span class='ocr_line' id='line_1_19' title="bbox 228 2193 1633 2252; baseline -0.001 -14"><span class='ocrx_word' id='word_1_138' title='bbox 228 2210 304 2239; x_wconf 91' lang='lat' dir='ltr'><strong>rus</strong></span> <span class='ocrx_word' id='word_1_139' title='bbox 347 2195 395 2237; x_wconf 92' lang='lat' dir='ltr'><strong>in</strong></span> <span class='ocrx_word' id='word_1_140' title='bbox 441 2193 573 2237; x_wconf 90' lang='lat' dir='ltr'><strong>rebus</strong></span> <span class='ocrx_word' id='word_1_141' title='bbox 620 2193 941 2252; x_wconf 85' lang='lat' dir='ltr'><strong>praedicandis,</strong></span> <span class='ocrx_word' id='word_1_142' title='bbox 986 2209 1214 2252; x_wconf 89' lang='lat' dir='ltr'><strong>nunquam</strong></span> <span class='ocrx_word' id='word_1_143' title='bbox 1240 2194 1384 2252; x_wconf 88' lang='lat' dir='ltr'><strong>justos</strong></span> <span class='ocrx_word' id='word_1_144' title='bbox 1423 2193 1633 2239; x_wconf 85' lang='lat' dir='ltr'><strong>laudandi</strong></span> 
     </span>
     <span class='ocr_line' id='line_1_20' title="bbox 229 2260 1144 2320; baseline -0.003 -11"><span class='ocrx_word' id='word_1_145' title='bbox 229 2265 338 2309; x_wconf 90' lang='lat' dir='ltr'><strong>fines</strong></span> <span class='ocrx_word' id='word_1_146' title='bbox 366 2270 684 2320; x_wconf 87' lang='lat' dir='ltr'><strong>transgressus:</strong></span> <span class='ocrx_word' id='word_1_147' title='bbox 714 2262 802 2315; x_wconf 87' lang='lat' dir='ltr'><strong>Pro</strong></span> <span class='ocrx_word' id='word_1_148' title='bbox 832 2262 974 2320; x_wconf 88' lang='lat' dir='ltr'><strong>Imag.</strong></span> <span class='ocrx_word' id='word_1_149' title='bbox 1004 2278 1041 2307; x_wconf 90' lang='lat' dir='ltr'><strong>c.</strong></span> <span class='ocrx_word' id='word_1_150' title='bbox 1072 2260 1144 2308; x_wconf 79' lang='lat'><strong>20.</strong></span> 
     </span>
    </p>

    <p class='ocr_par' dir='ltr' id='par_1_3' title="bbox 229 2332 1635 2670">
     <span class='ocr_line' id='line_1_21' title="bbox 344 2332 1634 2391; baseline 0 -16"><span class='ocrx_word' id='word_1_151' title='bbox 344 2333 502 2376; x_wconf 88' lang='lat' dir='ltr'><strong>Paucis</strong></span> <span class='ocrx_word' id='word_1_152' title='bbox 543 2339 800 2376; x_wconf 84' lang='lat' dir='ltr'><strong>enarrentur</strong></span> <span class='ocrx_word' id='word_1_153' title='bbox 841 2347 915 2387; x_wconf 87' lang='lat' dir='ltr'><strong>ea,</strong></span> <span class='ocrx_word' id='word_1_154' title='bbox 961 2332 1120 2391; x_wconf 91' lang='lat' dir='ltr'><strong>quibus</strong></span> <span class='ocrx_word' id='word_1_155' title='bbox 1151 2332 1376 2377; x_wconf 88' lang='lat' dir='ltr'><strong>Lucianus</strong></span> <span class='ocrx_word' id='word_1_156' title='bbox 1417 2339 1460 2376; x_wconf 90' lang='lat' dir='ltr'><strong>et</strong></span> <span class='ocrx_word' id='word_1_157' title='bbox 1489 2333 1557 2376; x_wconf 91' lang='lat' dir='ltr'><strong>sui</strong></span> <span class='ocrx_word' id='word_1_158' title='bbox 1591 2338 1634 2375; x_wconf 90' lang='lat' dir='ltr'><strong>et</strong></span> 
     </span>
     <span class='ocr_line' id='line_1_22' title="bbox 229 2401 1634 2461; baseline -0.001 -16"><span class='ocrx_word' id='word_1_159' title='bbox 229 2403 387 2461; x_wconf 86' lang='lat' dir='ltr'><strong>prioris</strong></span> <span class='ocrx_word' id='word_1_160' title='bbox 419 2402 630 2459; x_wconf 89' lang='lat' dir='ltr'><strong>temporis</strong></span> <span class='ocrx_word' id='word_1_161' title='bbox 662 2402 832 2445; x_wconf 87' lang='lat' dir='ltr'><strong>criticos</strong></span> <span class='ocrx_word' id='word_1_162' title='bbox 870 2402 918 2443; x_wconf 89' lang='lat' dir='ltr'><strong>in</strong></span> <span class='ocrx_word' id='word_1_163' title='bbox 947 2405 1188 2445; x_wconf 91' lang='lat' dir='ltr'><strong>Homerum</strong></span> <span class='ocrx_word' id='word_1_164' title='bbox 1219 2417 1388 2445; x_wconf 88' lang='lat' dir='ltr'><strong>summa</strong></span> <span class='ocrx_word' id='word_1_165' title='bbox 1418 2401 1634 2445; x_wconf 89' lang='lat' dir='ltr'><strong>industria</strong></span> 
     </span>
     <span class='ocr_line' id='line_1_23' title="bbox 230 2469 1635 2530; baseline -0.001 -15"><span class='ocrx_word' id='word_1_166' title='bbox 230 2470 531 2515; x_wconf 88' lang='lat' dir='ltr'><strong>incumbentes</strong></span> <span class='ocrx_word' id='word_1_167' title='bbox 551 2471 817 2529; x_wconf 82' lang='lat' dir='ltr'><strong>perstringit.</strong></span> <span class='ocrx_word' id='word_1_168' title='bbox 876 2469 1071 2529; x_wconf 88' lang='lat' dir='ltr'><strong>Scriptor</strong></span> <span class='ocrx_word' id='word_1_169' title='bbox 1090 2472 1222 2528; x_wconf 84' lang='lat' dir='ltr'><strong>igitur</strong></span> <span class='ocrx_word' id='word_1_170' title='bbox 1240 2478 1402 2527; x_wconf 88' lang='lat' dir='ltr'><strong>noster,</strong></span> <span class='ocrx_word' id='word_1_171' title='bbox 1434 2486 1521 2530; x_wconf 82' lang='lat' dir='ltr'><strong>qua</strong></span> <span class='ocrx_word' id='word_1_172' title='bbox 1541 2475 1635 2515; x_wconf 89' lang='lat' dir='ltr'><strong>erat</strong></span> 
     </span>
     <span class='ocr_line' id='line_1_24' title="bbox 229 2537 1634 2600; baseline -0.001 -15"><span class='ocrx_word' id='word_1_173' title='bbox 229 2542 394 2599; x_wconf 86' lang='lat' dir='ltr'><strong>ingenii</strong></span> <span class='ocrx_word' id='word_1_174' title='bbox 438 2540 589 2585; x_wconf 91' lang='lat' dir='ltr'><strong>indole</strong></span> <span class='ocrx_word' id='word_1_175' title='bbox 634 2537 766 2599; x_wconf 83' lang='lat' dir='ltr'><strong>atque</strong></span> <span class='ocrx_word' id='word_1_176' title='bbox 805 2546 977 2597; x_wconf 82' lang='lat' dir='ltr'><strong>natura,</strong></span> <span class='ocrx_word' id='word_1_177' title='bbox 1025 2557 1164 2586; x_wconf 84' lang='lat' dir='ltr'><strong>vanas</strong></span> <span class='ocrx_word' id='word_1_178' title='bbox 1207 2541 1474 2600; x_wconf 88' lang='lat' dir='ltr'><strong>inutilesque</strong></span> <span class='ocrx_word' id='word_1_179' title='bbox 1506 2541 1634 2585; x_wconf 85' lang='lat' dir='ltr'><strong>duxit</strong></span> 
     </span>
     <span class='ocr_line' id='line_1_25' title="bbox 232 2609 1634 2670; baseline -0.001 -15"><span class='ocrx_word' id='word_1_180' title='bbox 232 2612 509 2669; x_wconf 87' lang='lat' dir='ltr'><strong>quaestiones</strong></span> <span class='ocrx_word' id='word_1_181' title='bbox 538 2611 639 2655; x_wconf 90' lang='lat' dir='ltr'><strong>illas</strong></span> <span class='ocrx_word' id='word_1_182' title='bbox 671 2610 727 2655; x_wconf 88' lang='lat' dir='ltr'><strong>de</strong></span> <span class='ocrx_word' id='word_1_183' title='bbox 757 2610 941 2655; x_wconf 88' lang='lat' dir='ltr'><strong>Homeri</strong></span> <span class='ocrx_word' id='word_1_184' title='bbox 967 2611 1110 2670; x_wconf 74' lang='lat' dir='ltr'><strong>patria</strong></span> <span class='ocrx_word' id='word_1_185' title='bbox 1121 2644 1134 2668; x_wconf 86' lang='lat'>,</span> <span class='ocrx_word' id='word_1_186' title='bbox 1180 2626 1288 2657; x_wconf 88' lang='lat' dir='ltr'><strong>num</strong></span> <span class='ocrx_word' id='word_1_187' title='bbox 1318 2626 1473 2657; x_wconf 87' lang='lat' dir='ltr'><strong>caecus</strong></span> <span class='ocrx_word' id='word_1_188' title='bbox 1502 2609 1634 2655; x_wconf 85' lang='lat' dir='ltr'><strong>fuerit</strong></span> 
     </span>
    </p>
   </div>
  </div>
 </body>
</html>
