1792 3125
864 116 924 176 32

191 274 234 307 v.
266 256 372 305 775:

309 329 394 384 Tu,
442 327 641 383 Simalio,
689 327 746 370 in*
766 329 990 372 sinistrum
1026 341 1222 383 comum,
1269 327 1318 370 tu
1347 326 1523 386 Syrisce
1554 328 1600 372 in

777 412 780 415 ·
1237 394 1483 443 dexterum.

311 466 433 512 Cedo
477 465 606 510 alios!
667 465 745 509 ubi
784 467 1024 511 centuriost
1062 465 1215 523 Sanga
1261 470 1304 508 et
1347 465 1599 525 manipulus

1306 533 1483 577 furum?

194 604 417 648 communi
449 618 474 647 e
501 604 622 648 fonte
641 604 895 648 Terentium
926 610 968 648 et
986 603 1233 647 Lucianum
1264 602 1463 647 hausisse
1492 603 1599 647 fate-

192 674 321 719 bitur.
370 700 425 706 —
470 673 720 729 Peregrinis
763 674 811 716 in
855 673 997 728 terris,
1042 672 1121 715 ubi
1161 672 1343 715 militiae
1372 670 1598 716 laboribus

193 741 528 801 perfimguntur,
558 743 762 798 ingentes
793 741 967 786 divitias
998 741 1230 785 corradere
1251 739 1405 795 solent,
1440 741 1599 800 quibus

194 811 385 855 onerafis
415 810 611 855 Athenas
643 817 720 856 aut
748 810 973 870 Ephesum
1004 825 1051 855 se
1080 810 1324 867 conferunt,
1366 817 1415 856 ut
1443 810 1599 870 volup-

193 880 358 924 tatibus
390 880 615 924 fmantur:
646 880 701 924 cf.
733 880 912 938 Dialog.
943 880 1121 926 Meretr.
1152 880 1234 924 IX.
1269 880 1319 924 l:
1346 879 1514 938 ἑώρακα
1542 914 1552 924 .
1586 914 1597 925 .

193 945 329 994 αὐτόν
380 946 619 1007 ἐφεστρίδα
671 947 1015 1008 περιπόρφυρον
1063 947 1474 1008 ἐμπεπορπημένον
1527 950 1600 994 καὶ

195 1015 471 1067 ἀκολούθους
499 1015 593 1074 ἅμα
617 1019 819 1067 πολλοὺς.
866 1019 971 1063 ibid.
1004 1034 1041 1065 c.
1071 1013 1122 1062 2:
1163 1015 1377 1076 ἐξήγγειλε
1407 1017 1600 1069 πλοῦτον

194 1082 345 1143 πολὺν,
384 1084 564 1145 χρυσόν,
607 1085 791 1146 ἐσθῆτα,
818 1083 1106 1143 ἀκολούθους,
1137 1084 1374 1145 ἕλέφανταε
1422 1086 1598 1146 quibus-

195 1170 296 1199 cum
328 1155 527 1201 conferas
554 1156 697 1204 Plaut.
727 1156 859 1216 Epid.
891 1157 927 1202 Ι.
957 1157 998 1213 1,
1027 1153 1107 1202 50:

371 1249 427 1259 —-
459 1249 516 1257 ---
546 1225 672 1270 miles
702 1225 919 1284 locuples,
948 1225 1087 1270 multo
1117 1241 1225 1269 auro
1255 1232 1424 1285 potens.

312 1294 457 1339 Locus
486 1294 672 1339 Luciani
703 1296 778 1354 qui
808 1295 968 1340 deinde
999 1296 1196 1354 sequitur
1222 1291 1277 1340 τὸ
1310 1331 1320 1342 .
1353 1331 1363 1342 .
1395 1290 1600 1353 ἀργύριον

195 1364 312 1422 μηδὲ
339 1362 520 1422 ἀριθμῷ
530 1366 561 1419 ¹)
591 1361 709 1419 ἄγειν
742 1359 892 1420 αὐτὸν,
928 1359 1036 1408 ἀλλὰ
1063 1366 1265 1424 μηδίμνφ
1294 1360 1598 1423 ἀπομεμετρη-

195 1437 329 1490 μένον
355 1430 546 1481 πολλοὺς
574 1434 853 1490 μεδίμονους,
885 1433 942 1477 ad
957 1433 1095 1478 verba
1124 1434 1198 1488 (cf.
1213 1434 1316 1482 Lor.
1343 1434 1372 1480 1.
1396 1449 1432 1477 c.
1450 1449 1492 1492 p.
1511 1430 1599 1479 246

197 1508 285 1548 not.
302 1499 351 1560 3)
381 1501 619 1560 respondet
647 1502 850 1547 versibus
868 1502 1096 1547 Plautinis
1124 1504 1171 1546 in
1203 1503 1295 1547 Mil.
1323 1502 1397 1547 Gl.
1415 1499 1530 1548 1064
1545 1503 1598 1556 R,

196 1570 275 1614 ubi
305 1571 669 1631 Pyrgopolinices
700 1573 765 1617 sic
795 1572 1031 1630 gloriatur:

372 1666 431 1673 —-
467 1664 516 1674 —
548 1642 652 1685 satis
687 1642 831 1686 habeo
864 1641 1130 1697 divitiarum,

370 1709 478 1755 Plus
508 1710 585 1768 pol
614 1711 675 1755 mi
699 1711 796 1756 auri
825 1710 990 1755 millest
1022 1710 1217 1755 modium
1246 1710 1452 1769 Philippi.

196 1780 415 1824 Addimus
444 1779 575 1838 Epid.
605 1780 663 1826 Π.
696 1777 741 1834 2,
772 1778 879 1825 115:

507 1850 629 1894 Auro
660 1850 907 1908 opulentus,
940 1864 1125 1907 magnus
1156 1848 1295 1895 miles.

197 1918 279 1965 111.
309 1917 352 1974 4,
384 1917 454 1964 15.

377 2014 428 2021 -
460 2002 621 2046 nempe
654 2003 787 2046 quem
814 1989 861 2032 in
891 1988 1190 2033 adulescentia

373 2057 622 2101 Memorant
651 2056 770 2115 apud
798 2071 926 2114 reges
955 2057 1102 2113 armis,
1136 2062 1230 2101 arte
1260 2055 1416 2101 bellica

375 2126 569 2171 Divitias
601 2140 787 2184 magnas
818 2125 1042 2185 adeptum.

312 2196 521 2254 Inprimis
542 2210 645 2239 vero
665 2195 861 2252 insignes
892 2201 994 2239 sunt
1021 2195 1088 2239 illi
1118 2195 1276 2240 milites
1307 2209 1359 2239 ea
1386 2209 1448 2251 re,
1481 2194 1599 2253 quod

195 2280 265 2310 res
322 2279 425 2309 suas
480 2264 658 2310 bellicas
709 2278 825 2309 vana
871 2266 1116 2323 jactatione
1173 2264 1379 2309 omnibus
1423 2273 1603 2311 narrant

195 2349 410 2393 suamque
433 2334 637 2378 virtutem
667 2348 807 2392 usque
836 2334 895 2377 ad
926 2333 1099 2378 caelum
1130 2334 1332 2389 efferunt,
1367 2332 1602 2377 mendacia

195 2402 329 2462 plane
374 2402 652 2451 incredibilia
694 2402 998 2450 admiscentes.
1076 2402 1204 2447 Miles
1248 2402 1323 2462 qui
1368 2408 1432 2447 est
1479 2401 1601 2461 apud

293 2545 326 2587 1)
351 2544 404 2578 Cf.
432 2542 612 2584 Fritzsoh.
636 2542 683 2577 ad
709 2542 861 2578 Luciani
890 2543 1055 2578 Hei-mot.
1082 2543 1139 2578 11.
1180 2552 1182 2554 ’
1240 2553 1243 2557 ’
