1792 3125
681 756 1136 821 PRAEFATIO.

322 954 501 998 Omissa
537 957 682 1012 priore
723 955 1036 999 dissertationis
1075 962 1218 1013 parte,
1266 957 1311 998 in
1353 971 1451 1015 qua,
1499 957 1606 1015 quid

204 1023 424 1066 Lucianus
455 1024 510 1067 de
541 1024 664 1081 poesi
693 1024 899 1067 universa
928 1024 1215 1081 Judicaverit‚
1256 1040 1283 1067 a
1311 1024 1441 1069 nobis
1475 1040 1606 1084 expo-

206 1093 335 1135 situm
381 1099 460 1146 est,
507 1092 591 1136 hoe
636 1092 733 1136 loco
774 1093 954 1137 alteram
988 1094 1247 1149 emittemus,
1291 1109 1344 1137 ea
1373 1093 1607 1152 diligenter

206 1162 460 1216 enarraturi,
494 1176 606 1219 quae
637 1161 692 1204 de
713 1161 895 1219 singulis
921 1162 1060 1220 poetis
1085 1162 1311 1205 Lucianus
1325 1162 1605 1221 judicaverit,

205 1229 385 1288 adjectis
416 1236 643 1288 poetarum
672 1230 793 1286 locis,
845 1230 1000 1288 quibus
1040 1230 1099 1274 ad
1138 1232 1300 1289 scripta
1337 1246 1416 1275 sua
1446 1232 1605 1275 conde-

204 1299 396 1343 coranda
425 1315 531 1343 usus
571 1306 647 1346 est.
709 1299 909 1358 Cumque
940 1305 1038 1343 acta
1068 1314 1198 1358 agere
1234 1299 1468 1357 nollemus,
1513 1315 1605 1344 non

205 1369 523 1412 enumerandos
564 1370 809 1412 censuimus
848 1373 921 1412 eos
963 1384 1130 1424 versu5,
1178 1370 1253 1427 qui
1283 1376 1485 1413 accurate
1518 1370 1605 1413 col-

203 1437 304 1480 lecti
333 1437 540 1494 leguntur
569 1438 615 1480 in
639 1438 791 1481 Indice
820 1437 1022 1481 editionis
1052 1436 1378 1481 Jacobitzianae
1400 1438 1506 1495 (vol.
1523 1438 1602 1485 IV.

203 1521 248 1562 p.
269 1503 355 1549 271
378 1516 461 1563 sq.)
496 1506 554 1548 ad
582 1521 715 1564 quem
744 1506 828 1548 hac
856 1507 957 1549 data
987 1506 1216 1549 occasione
1238 1521 1312 1548 eos
1335 1506 1603 1563 delegamus,

203 1575 279 1632 qui
313 1589 463 1618 omnes
492 1574 613 1618 locos
645 1589 671 1617 a
701 1573 899 1617 Luciano
931 1576 1085 1619 citatos
1117 1589 1382 1631 cognoscere
1412 1577 1606 1633 cupiant.

203 1642 367 1687 Contra
397 1658 424 1685 a
462 1643 588 1686 nobis
639 1648 802 1701 quanta
845 1643 941 1687 fieri
985 1645 1127 1703 potuit
1155 1643 1407 1688 assiduitate
1436 1643 1605 1689 collecti

202 1717 301 1755 sunt
330 1717 374 1754 et
404 1727 553 1756 omnes
584 1713 765 1756 Homeri
795 1727 947 1756 versus
988 1714 1035 1755 in
1065 1712 1227 1756 libellis
1256 1712 1487 1757 Lucianeis
1519 1729 1602 1758 met

201 1782 357 1824 morati
394 1788 438 1825 et
472 1797 541 1825 res
577 1797 602 1824 e
633 1782 867 1825 comoediis
899 1782 1178 1839 desumptae,
1220 1797 1308 1841 qua
1340 1789 1527 1842 utraque
1556 1785 1604 1827 in

200 1865 248 1893 re
267 1849 438 1894 Indices
457 1850 683 1906 Lucianei,
716 1850 866 1909 quales
886 1866 1003 1894 nunc
1023 1857 1135 1906 sunt,
1166 1852 1343 1895 minime
1369 1851 1601 1898 sufficiunt.

201 1919 366 1963 Versus
386 1920 645 1963 Homericos
671 1935 761 1963 non
791 1921 838 1963 in
866 1920 1059 1963 medium
1089 1926 1258 1963 textum
1287 1936 1415 1978 quem
1440 1928 1603 1965 vocant

201 1988 474 2044 inseruimus,
505 1987 582 2031 sed
617 1987 675 2030 ad
704 1989 846 2046 operis
879 1988 1048 2032 calcem
1078 1988 1320 2046 rejecimus.
