1792 3125
902 120 932 169 8

210 256 356 310 poeta,
397 256 544 293 utrum
576 264 751 294 carmen
782 252 905 309 prius
936 251 1238 308 composuerit,
1281 250 1388 308 quid
1414 250 1623 308 judican.

213 320 317 364 dum
351 320 407 363 sit
438 318 494 363 de
523 318 675 364 Iliadis
709 320 834 365 initio
845 323 901 377 1);
947 325 1170 379 postremo
1202 319 1419 365 Zenodoti
1452 326 1495 364 et
1525 321 1623 365 Ari-

212 389 375 434 starchi
404 388 684 447 disciplinam
715 389 907 446 sugillat‚
936 389 1121 447 frigidos
1141 390 1340 433 homines
1361 389 1513 433 dicens
1533 405 1621 444 eos,

210 460 286 519 qui
330 458 391 502 de
437 458 626 516 singulis
672 459 873 503 versibus
918 465 995 503 aut
1025 458 1235 503 tollendis
1277 465 1352 503 aut
1380 460 1621 503 retinendis

210 530 459 587 disputent:
507 528 565 571 cf.
618 528 673 572 de
712 529 781 571 his
821 529 1027 571 omnibus
1056 528 1161 571 Ver.
1191 529 1307 573 Hist.
1339 528 1397 571 Π.
1421 523 1493 574 20.
1555 528 1621 572 Si-

208 597 301 642 mili
348 598 519 642 ratione
566 598 614 641 in
660 597 747 642 Pro
793 596 875 643 Im.
905 594 965 642 24
994 612 1138 656 neque
1170 613 1283 653 eum,
1330 597 1407 656 qui
1437 597 1621 642 Homeri

209 669 449 725 imaginem
481 666 796 721 verberaverit,
829 681 973 725 neque
1001 666 1140 721 illum,
1187 667 1262 725 qui
1295 666 1435 710 obelis
1466 681 1620 710 versus

209 736 423 797 quosdam
455 735 714 795 transfigere
744 750 877 781 ausus
912 738 980 793 sit,
1013 737 1248 796 quicquam
1280 736 1514 795 decerpere
1542 752 1618 795 po-

208 808 344 851 tuisse
365 806 473 849 dicit
505 806 561 849 de
584 820 745 850 corona
769 821 968 864 „semper
985 806 1181 850 florentis
1209 806 1437 850 Homeri.“
1461 832 1516 838 —
1547 806 1619 849 Ex

211 876 292 931 his,
326 890 441 934 quae
468 874 601 918 modo
632 876 934 933 exposuimus,
966 875 1238 933 intelligitur,
1269 876 1402 919 etiam
1432 874 1619 919 Luciani

211 951 353 989 aetate
393 945 499 987 satis
541 959 704 1000 magno
746 944 925 1002 quidem
968 944 1110 988 studio
1151 945 1428 1001 quaestiones
1459 945 1619 987 Home-

210 1014 323 1057 ricas
358 1028 385 1056 a
415 1011 646 1071 permultis
678 1018 886 1056 tractatas
918 1027 1025 1068 esse,
1066 1027 1122 1056 ex
1154 1012 1295 1056 altera
1325 1018 1472 1055 tamen
1495 1017 1619 1070 parte

208 1081 286 1125 illa
334 1081 478 1125 studia
529 1083 706 1125 omnino
750 1087 1001 1140 contempta
1046 1088 1088 1125 et
1129 1097 1209 1139 pro
1241 1081 1438 1125 futilibus
1469 1081 1619 1125 habita

209 1164 306 1194 esse
335 1149 391 1193 ab
424 1151 500 1205 eis,
535 1151 624 1209 qui,
655 1164 757 1193 cum
788 1151 834 1193 in
855 1150 1048 1209 vulgatis
1070 1150 1289 1195 erroribus
1309 1165 1488 1194 manere
1509 1150 1617 1194 mal-

207 1226 316 1272 tent‚
349 1235 377 1262 a
406 1220 479 1265 Fr.
510 1219 565 1262 A.
595 1219 758 1264 Wolfio
776 1220 810 1276 2)
843 1221 1160 1278 superstitionis
1191 1220 1415 1279 cujusdam
1447 1221 1618 1278 patroni

202 1289 305 1347 jure
356 1288 567 1346 appellati
614 1295 731 1332 sunt.
776 1315 833 1321 —
881 1289 1056 1332 Deinde
1095 1290 1334 1333 certissima
1367 1289 1618 1348 conjectura

208 1358 383 1415 assequi
412 1372 668 1415 possumus,
712 1358 789 1401 illo
827 1373 914 1415 quo
946 1358 1136 1401 diximus
1164 1363 1361 1415 tempore
1391 1359 1617 1415 opiniones

207 1441 359 1469 eorum
384 1427 773 1482 grammaticorum
809 1429 885 1485 qui
916 1432 1131 1470 vocantur
1161 1426 1205 1469 οἱ
1234 1426 1498 1483 χωρίζοντες,
1526 1427 1615 1470 Xe-

205 1495 333 1537 nonis
373 1495 473 1537 dico
514 1500 557 1538 et
591 1494 826 1550 Hellanici,
873 1510 1050 1553 prorsus
1091 1494 1316 1551 neglectas
1352 1510 1493 1553 paene
1529 1496 1616 1539 iam

206 1564 460 1607 evanuisse:
515 1578 617 1606 nam
662 1565 697 1606 si
734 1579 808 1606 eas
850 1569 1096 1621 compertas
1127 1563 1350 1607 habuisset
1379 1564 1617 1619 Lucianus,

207 1633 282 1690 qui
313 1637 457 1689 potest
489 1631 705 1686 dubitari,
751 1633 857 1689 quin
887 1632 984 1675 loco
1014 1633 1206 1674 maxime
1236 1639 1337 1689 apto
1369 1634 1445 1690 qui
1475 1639 1542 1676 est
1570 1635 1617 1675 in

205 1700 308 1743 Ver.
344 1699 461 1746 Hist.
493 1698 564 1743 11.
598 1696 655 1745 21
681 1701 809 1759 jocos
841 1701 1011 1759 aliquos
1041 1702 1087 1742 in
1119 1700 1219 1744 illos
1254 1700 1509 1745 effudisset?

322 1769 550 1813 Postremo
596 1769 866 1822 addendum,
914 1769 1085 1813 duobus
1114 1769 1304 1813 Luciani
1352 1770 1459 1814 locis
1502 1786 1616 1815 com-

205 1839 437 1882 memorari
476 1836 695 1894 Margiten
737 1853 764 1882 a
807 1837 1027 1882 veteribus
1058 1837 1252 1882 Homero
1285 1839 1509 1895 tributum,
1558 1841 1618 1884 ita

203 1915 365 1963 tamen,
395 1913 445 1951 ut
477 1907 710 1966 dijudicari
752 1923 842 1951 non
873 1908 1034 1965 possit,
1081 1915 1228 1951 utrum
1261 1910 1407 1967 ipsum
1439 1924 1617 1953 carmen

204 1977 363 2034 legerit
383 1976 619 2032 Lucianus‚
650 1993 708 2021 an
740 1993 763 2020 e
784 1976 1022 2035 proverbio
1050 1991 1208 2020 nomen
1232 1979 1325 2036 ejus
1348 1980 1617 2036 cognoverit.

202 2047 258 2089 In
285 2046 571 2104 proverbium
612 2047 730 2089 enim
772 2045 934 2089 abiisse
968 2045 1187 2102 Margitae
1230 2046 1458 2090 stultitiam
1489 2047 1618 2090 docet

203 2113 401 2173 Apostol.
433 2114 514 2158 XI.
547 2112 577 2159 4
624 2111 847 2176 (Paroem.
893 2113 969 2160 Gr.
1020 2114 1087 2160 ed.
1133 2114 1187 2161 Ε.
1235 2114 1291 2158 de
1337 2115 1528 2159 Leutsch
1575 2122 1618 2158 et

205 2183 413 2229 Schneid.
450 2183 537 2230 vol.
570 2183 631 2230 ΙΙ.
673 2198 717 2240 p.
748 2180 877 2238 517);
922 2182 1010 2226 alia
1039 2183 1225 2241 praebet
1258 2183 1493 2228 Welcker:
1540 2183 1615 2229 Kl.

204 2251 331 2299 Schr.
363 2250 442 2296 IV.
470 2267 515 2310 p.
546 2249 616 2298 30.

301 2427 333 2471 1)
359 2427 412 2462 cf.
436 2427 497 2461 Fr.
523 2426 569 2460 A.
592 2424 717 2460 Wolfii
743 2425 886 2470 Proleg.
919 2426 964 2461 ad
991 2427 1188 2461 Homerum
1223 2438 1258 2471 p.
1284 2426 1432 2462 CXXIV
1457 2430 1533 2461 not.
1558 2428 1614 2474 90·

297 2485 333 2528 2)
363 2484 477 2519 Wolf.
511 2484 535 2518 1.
562 2494 593 2520 c.
626 2494 711 2528 pag.
737 2484 871 2517 XXXI.
919 2485 973 2519 De
1011 2485 1220 2519 criticorum
1258 2484 1402 2519 litantia
1441 2494 1463 2517 a
1495 2484 1617 2521 multis

201 2541 418 2588 reprehensa
442 2542 487 2579 ef.
513 2542 564 2579 ib.
589 2552 676 2587 pag.
703 2541 910 2578 CCXXXV.
