1792 3125
884 202 947 259 35

881 263 885 268 ⁴
914 262 936 276 ..b

210 331 457 380 ῥἐνθουσιῶν
479 332 647 383 §am-ok
669 332 898 381 δοκοῦντες
927 328 979 377 ου’
1002 331 1272 389 βακχεύουσι,
1304 330 1412 378 ἀλλὰ
1439 334 1618 386 παίζου-

220 415 304 449 συν.
378 403 481 447 Huc
525 400 694 445 accedit
737 401 855 460 quod
898 400 1121 446 Lucianus
1166 416 1422 460 persuasum
1465 402 1621 447 habuit

221 473 451 516 histriones
491 473 537 514 in
567 469 727 514 fabulis
759 469 942 532 agendis
976 484 1151 514 omnem
1182 485 1336 514 sanam
1370 470 1621 529 simplicita-

221 548 310 585 tem
342 541 467 599 cujus
507 539 582 583 ille
611 544 705 582 erat
735 537 1073 594 amantissimus,
1121 539 1182 583 ita
1212 539 1394 597 perdere
1422 545 1472 583 ut
1501 555 1620 599 spec-

220 608 430 655 tatoribus
463 608 732 667 vpraeberent
762 610 912 665 θέαμα
946 606 1143 663 εἰδεχθὲς
1171 609 1241 653 καὶ
1268 608 1467 667 φοβερόν
1508 608 1621 665 (Sal-

219 685 298 724 tat.
322 674 413 735 27).
471 678 618 722 Primo
647 678 779 735 igitur
809 677 905 722 loco
933 684 1117 723 externa
1145 677 1406 722 histrionum
1434 678 1618 736 species,

221 763 352 808 quam
391 748 438 791 in
463 746 703 804 tragoediis
743 746 927 805 agendis
962 746 1184 803 exhibent,
1228 746 1423 792 Luciano
1462 761 1622 806 nequa-

220 832 350 876 quam
382 816 541 875 placet.
601 816 724 860 Auro
752 828 805 860 ac
838 830 1033 874 purpura
1051 817 1085 874 ¹)
1126 817 1322 873 insignes
1359 817 1406 860 in
1445 830 1622 860 scenam

219 885 457 945 prodeunt:
499 885 542 929 N
543 899 707 944 ecyom.
740 882 797 930 16
803 899 816 943 3
855 883 1013 930 calceis
1043 884 1267 930 altissimis
1295 899 1378 929 nec
1409 899 1500 929 non
1527 899 1623 944 per-

221 970 331 999 sona
358 969 491 1013 super
519 960 652 1013 caput
681 955 947 1013 prominenti
986 969 1145 1013 corpus
1191 969 1342 999 eorum
1373 954 1550 999 effertur
1576 955 1622 998 in

220 1022 567 1082 magnitudinem
587 1023 905 1080 incredibilem,
926 1039 1053 1083 quae,
1070 1038 1169 1068 cum
1185 1023 1427 1068 humanum
1440 1022 1622 1068 modum

221 1092 418 1148 excedat,
448 1093 737 1150 improbanda
756 1099 843 1137 est:
877 1093 986 1140 Salt.
1007 1090 1077 1138 27.
1118 1092 1263 1138 Simili
1275 1092 1415 1137 ⁴modo
1433 1092 1623 1152 pectoris

220 1168 352 1221 atque
374 1163 537 1206 ventris
554 1163 758 1207 circuitus
776 1162 972 1221 pulvillis
993 1169 1058 1207 est
1076 1169 1253 1207 auctus:
1271 1162 1328 1210 ib.
1369 1162 1470 1207 Hoc
1489 1162 1623 1220 igitur

221 1237 377 1277 ornatu
410 1231 685 1277 condecorati
718 1232 791 1277 vel
823 1233 967 1291 potius
996 1233 1162 1277 onerati
1188 1233 1234 1276 in
1267 1247 1444 1277 scenam
1473 1246 1622 1291 proce-

223 1301 344 1357 dunt,
369 1316 523 1346 vocem
552 1302 683 1346 modo
713 1303 757 1346 in
788 1302 927 1346 altum
955 1301 1156 1346 tollentes
1187 1301 1317 1346 modo
1344 1301 1620 1360 recipientes.

221 1369 314 1414 Nec
334 1370 479 1415 minus
512 1385 662 1415 eorum
693 1372 863 1416 cantica
893 1371 998 1416 ferri
1028 1386 1117 1415 non
1135 1377 1332 1429 possunt,
1364 1371 1621 1429 praesertim

221 1439 298 1482 ubi
328 1439 542 1483 Hercules
570 1439 729 1499 aliquis
751 1439 925 1484 labores
955 1455 1057 1483 suos
1077 1439 1282 1484 flebiliter
1301 1439 1538 1498 deplorans
1563 1438 1619 1483 ab

222 1508 285 1551 eis
303 1508 472 1565 agitur:
504 1508 575 1551 De
595 1508 693 1553 salt.
709 1505 780 1554 27.
810 1508 1044 1553 Praeterea
1058 1523 1157 1553 cum
1178 1509 1296 1553 haud
1316 1523 1416 1553 raro
1437 1507 1620 1564 accidat,

220 1583 269 1621 ut
294 1584 437 1636 partes
469 1577 585 1622 male
612 1577 938 1635 distribuantur,
968 1579 1066 1637 quis
1098 1584 1163 1623 est
1188 1579 1296 1638 quin
1327 1579 1464 1622 risum
1482 1577 1620 1622 effun-

220 1646 309 1703 dat,
353 1645 542 1692 debilem
575 1646 768 1707 aliquem
799 1662 852 1692 ac
884 1646 1060 1692 mollem
1091 1648 1313 1693 hominem
1343 1646 1621 1706 conspiciens

220 1715 422 1761 Herculis
468 1723 617 1775 partes
660 1716 1003 1777 suscipientem?
1063 1719 1222 1765 Piscat.
1251 1714 1322 1763 31.
1350 1713 1422 1762 33.
1480 1716 1620 1760 Immo

221 1801 537 1845 saepenumero
581 1786 816 1833 histriones
873 1788 978 1847 quia
1021 1803 1111 1832 non
1154 1789 1259 1832 satis
1305 1786 1362 1832 ad
1406 1791 1621 1839 ornatum,

220 1870 353 1915 quem
372 1862 559 1915 gestant,
588 1857 759 1901 animos
778 1856 1021 1913 attendunt,
1051 1857 1107 1901 de
1124 1856 1349 1909 cothurnis
1369 1854 1621 1905 decidentes

218 1925 457 1985 plurimam
484 1926 657 1971 ridendi
688 1928 916 1972 materiam
937 1927 1237 1985 spectantibus
1257 1925 1485 1985 praebent,
1512 1924 1622 1969 frac-

217 1995 273 2037 tis
319 2009 429 2052 quas
474 2001 651 2053 gestant
696 1996 895 2055 personis
939 1997 1147 2055 omnique
1191 1996 1408 2054 gravitate
1452 1994 1619 2051 tragica

219 2063 412 2110 sublata:
473 2064 592 2112 Gall.
622 2061 693 2111 26.
724 2064 805 2113 Rh.
838 2065 989 2112 Praec.
1019 2061 1087 2113 12.
1117 2065 1287 2124 Nigrin.
1317 2061 1388 2110 11.

315 2219 349 2263 1)
374 2214 650 2269 Χρυσόπαστος
677 2214 798 2261 στολή
824 2218 913 2253 leat.
938 2219 995 2262 2⁷,
1022 2218 1067 2255 cf.
1086 2218 1257 2254 Welcker
1274 2216 1370 2252 Prol.
1396 2214 1441 2250 ad
1459 2214 1620 2260 Theogn.

219 2288 254 2322 Ρ.
279 2276 484 2313 LXXXVII
508 2279 583 2312 not.
610 2278 688 2314 124.

1365 2689 1411 2726 ⁶8
