1792 3125
889 112 945 163 10

210 247 328 301 tatis,
360 245 599 302 respondet
623 246 665 288 ei
692 245 849 289 Damis
881 245 1123 304 Epicureus
1159 273 1217 279 -—
1247 248 1370 306 cujus
1404 246 1490 290 sub
1518 263 1615 304 per-

214 329 324 359 sona
369 316 465 372 ipse
493 314 717 357 Lucianus
763 314 889 357 nobis
936 315 1109 359 videtur
1150 315 1287 359 latere
1331 331 1406 358 —z
1453 310 1542 360 ἀλλ’
1584 308 1618 358 ὦ

212 382 440 438 θαυμάσιε
470 380 665 441 ποιητὴν
694 383 776 439 μὲν
805 379 981 437 α’γαθὸν
1000 381 1194 443 Ὅμηρον
1222 384 1480 440 γεγενῆσθαι
1510 382 1617 428 πάν-

213 468 285 502 τες
332 464 403 496 σοι
444 451 850 511 ξυνομολογήσουσι,
894 451 1097 512 μάρτυρα
1123 454 1172 498 δὲ
1203 453 1348 513 ἀληθῆ
1386 454 1491 511 περὶ
1531 455 1618 498 τῶν

214 520 421 566 τοιούτων
451 519 550 566 οὕτε
580 520 750 567 ἐκεῖνον
781 520 883 568 οὔτε
915 521 1048 568 ἄλλον
1068 521 1255 584 ποιητὴν
1276 520 1444 568 οὐδένα.
1492 523 1619 567 Pror-

217 608 290 636 sus
337 592 520 636 eandem
565 594 827 636 sententiam
870 592 916 636 hi
950 593 1035 637 loci
1064 593 1274 651 produnt:
1316 594 1448 652 Apol.
1476 590 1518 638 8.
1552 609 1618 652 sq.

217 663 289 706 De
319 662 444 705 Luct.
473 659 513 706 2.
551 661 760 720 Necyom.
791 659 832 708 3.
884 663 1002 707 Gall.
1035 659 1077 710 2.
1122 663 1223 709 Ver,
1257 663 1313 709 Η.
1342 661 1410 706 11.
1445 660 1513 709 12.
1550 660 1619 709 13.

216 731 317 790 Jup.
350 731 402 776 cf.
433 730 472 776 1.
503 728 545 777 2.
587 731 735 774 Sacrif
775 732 799 775 1
831 747 895 790 sq.
935 733 1054 779 Diss.
1088 748 1123 779 c.
1151 737 1254 780 Hes.
1287 733 1313 776 1
1346 747 1410 789 sq.
1446 731 1621 779 saturn.

216 801 258 845 5.
285 798 324 845 6.
387 800 513 844 Haec
533 806 650 844 recte
679 817 706 845 a
725 801 852 845 nobis
874 801 1096 860 disputata
1121 817 1217 845 esse
1238 802 1399 845 docent
1419 816 1483 856 ea,
1510 815 1622 859 quae

219 872 275 915 de
308 872 481 929 pictura
530 877 573 914 et
605 876 697 913 arte
738 871 944 914 statuaria
988 886 1015 914 a
1044 871 1239 915 Luciano
1284 872 1483 929 exposita
1521 885 1624 914 con-

219 941 357 999 gessit
402 939 691 984 Bluemnerus
738 940 869 987 Arch.
920 939 1042 986 Stud.
1091 957 1130 984 z.
1177 942 1286 987 Luc.
1332 956 1374 998 p.
1405 937 1482 985 48:
1545 942 1622 999 qui

221 1011 403 1069 quidem
435 1010 506 1053 vir
537 1009 818 1053 doctissimus
851 1010 1088 1054 clarissime
1109 1011 1437 1064 demonstravit,
1467 1010 1624 1053 Lucia-

220 1095 340 1134 num,
390 1080 589 1137 quamvis
635 1095 795 1137 magno
833 1080 975 1124 studio
1025 1086 1067 1123 et
1113 1081 1399 1124 admiratione
1434 1080 1623 1137 amplec-

220 1155 337 1192 tatur
366 1147 464 1191 illas
495 1154 623 1204 artes,
672 1155 820 1192 tamen
852 1164 926 1192 eas
956 1149 1147 1207 rejicere,
1195 1150 1273 1193 ubi
1313 1149 1448 1192 falsas
1479 1164 1625 1192 rerum

223 1219 470 1262 divinarum
516 1219 744 1275 opiniones
790 1218 984 1262 stabilire
1027 1218 1271 1265 videantur.
1351 1219 1449 1262 Hoc
1493 1220 1627 1276 igitur

223 1303 396 1345 semper
433 1288 698 1343 tenendum,
755 1288 1017 1344 Lucianum,
1067 1288 1334 1347 ubicumque
1382 1288 1626 1332 Homerum

222 1357 558 1415 Hesiodumqu.e
585 1359 782 1414 castiget,
831 1357 894 1400 nil
933 1357 987 1399 de
1027 1357 1230 1401 laudibus
1263 1373 1414 1402 eorum
1445 1359 1627 1416 poeticis

226 1426 470 1481 detrahere,
501 1426 580 1469 sed
608 1426 868 1481 fabularum,
898 1442 1007 1484 quas
1034 1427 1243 1484 praebeat
1262 1427 1495 1483 Homerus,
1523 1426 1628 1470 fidei

225 1511 321 1540 sese
368 1511 601 1554 opponere.
677 1495 833 1554 Neque
872 1511 1010 1540 unum
1056 1498 1116 1540 ita
1148 1498 1336 1541 sensisse
1367 1497 1627 1551 Lucianum,

223 1582 380 1610 verum
408 1566 555 1624 potius
588 1565 836 1623 complures
867 1567 984 1609 viros
1014 1581 1171 1624 graves
1201 1581 1253 1610 ac
1279 1567 1382 1610 vere
1402 1566 1630 1624 religiosos
1701 1607 1706 1611 ,

225 1636 472 1679 Homerum
517 1635 751 1692 impietatis
794 1636 1020 1679 incusasse
1059 1642 1240 1694 propter
1271 1643 1335 1680 tot
1372 1662 1429 1668 —
1466 1642 1516 1679 ut
1544 1635 1632 1693 ipsi

226 1704 431 1749 dicebant
480 1730 529 1736 -
577 1704 821 1757 mendacia,
871 1705 1059 1748 ostendit
1105 1705 1177 1750 Fr.
1215 1707 1268 1752 A.
1311 1705 1500 1750 Wolfius
1533 1704 1560 1750 l.
1594 1720 1629 1749 c.

227 1774 410 1829 CLXII,
443 1775 520 1832 qui
552 1773 731 1831 quidem
758 1773 879 1817 haud
907 1775 1091 1830 exiguas
1118 1773 1270 1817 laudes
1301 1774 1389 1817 illis
1418 1775 1523 1817 viris
1554 1775 1632 1816 im-

227 1843 483 1902 pertiendas
512 1858 607 1887 esse
639 1844 884 1886 rectissime
918 1850 1079 1888 censet.

346 1913 419 1956 Ex
458 1912 775 1972 posterioribus
809 1914 949 1971 poetis
987 1914 1120 1971 epicis
1149 1912 1475 1957 Antimachi
1508 1911 1633 1956 Colo·

228 1985 382 2043 phonii
421 1999 560 2027 unum
599 1998 776 2027 versum
811 1984 915 2027 citat
942 1983 1166 2027 Lucianus
1202 1984 1248 2026 in
1280 1983 1383 2027 Ver.
1421 1982 1534 2025 Hist.
1565 1980 1633 2027 ll.

228 2052 299 2110 42,
341 2057 402 2097 ita
432 2061 591 2109 tamen,
628 2059 689 2107 ut,
731 2051 836 2110 quid
869 2052 923 2096 de
966 2054 1058 2110 ejus
1085 2058 1241 2111 poetae
1270 2067 1431 2110 genere
1460 2050 1637 2095 dicendi

224 2124 504 2184 judicaverit,
545 2122 674 2166 simul
716 2122 892 2165 indicet.
953 2121 1175 2166 Lucianus
1216 2123 1370 2179 igitur,
1418 2122 1533 2163 mira
1562 2120 1638 2163 illa

231 2196 403 2245 itinera,
438 2207 550 2252 quae
572 2194 619 2235 in
637 2191 738 2237 Ver.
763 2191 875 2238 Hist,
903 2191 1223 2248 describuntur,
1254 2206 1353 2235 cum
1374 2191 1502 2235 sociis
1525 2204 1639 2233 com-

230 2264 436 2323 pluribus
479 2263 737 2319 suscipiens,
786 2277 884 2305 cum
921 2261 1092 2305 delatus
1137 2266 1253 2304 esset
1285 2261 1342 2304 ad
1382 2274 1476 2303 eam
1506 2261 1639 2302 maris

232 2341 423 2393 partem,
471 2347 585 2390 quae
630 2331 775 2374 densis
822 2330 1050 2375 arboribus
1100 2332 1269 2374 consita
1314 2329 1640 2386 navigationem

234 2420 366 2464 quam
392 2403 587 2446 maxime
619 2401 862 2459 impediret,
896 2415 1082 2459 cumque
1117 2414 1269 2443 omnes
1300 2399 1434 2455 dubii,
1474 2413 1561 2457 quo
1594 2412 1641 2441 se

232 2481 467 2529 verterent,
496 2472 740 2522 haererent,
770 2471 1001 2515 consilium
1022 2485 1068 2514 se
1090 2472 1260 2527 cepisse
1280 2476 1443 2524 narrat,
1463 2468 1640 2524 navigio

234 2551 281 2592 in
311 2546 445 2590 altum
478 2541 652 2587 sublato
692 2555 823 2598 super
853 2541 970 2599 ipsas
1000 2539 1179 2584 arbores
1206 2539 1327 2597 vehi,
1367 2538 1479 2583 velis
1509 2542 1641 2583 vento
