1792 3125
885 163 915 211 9

318 295 410 350 Nec
438 311 526 339 non
558 295 614 339 de
634 294 887 340 Hesiodo
921 294 1164 355 compluria
1185 294 1354 355 judicia
1372 295 1597 340 Lucianus

203 367 377 426 scriptis
394 365 595 414 intexuit.
626 365 707 409 Est
726 365 802 410 ille
822 372 952 425 poeta
964 366 1164 424 egregius
1181 360 1378 424 (ποιητὴς
1398 364 1597 424 decoros:

200 436 321 483 Diss.
353 450 391 478 c.
421 435 525 478 Hes.
557 435 611 491 Ι),
656 440 843 494 suntque
887 436 980 494 ejus
1022 435 1215 478 carmina
1250 434 1398 479 divino
1443 436 1598 494 spiritu

202 505 355 549 inflata
386 503 539 559 (ἔνθεα
566 506 638 549 καὶ
669 502 807 560 σεμκνὰ
834 504 986 550 πάντα
1017 503 1046 547 l.
1069 506 1122 560 e.)
1181 503 1235 548 In
1265 504 1482 550 narrando
1509 520 1597 549 cer-

199 574 365 618 tamine
413 574 585 631 poetico
630 572 752 628 (Ver.
780 574 892 617 Hist.
923 572 981 619 11.
1008 569 1096 626 22),
1147 588 1203 616 ex
1246 587 1332 633 quo
1364 573 1597 631 Hesiodus,

199 659 299 688 cum
347 642 540 688 Homero
586 641 880 699 conflictatus,
924 642 1066 687 victor
1112 642 1306 699 excedit,
1350 643 1597 688 Lucianum

200 718 395 757 veterem
428 711 652 771 quandam
682 711 876 756 fabulam
895 712 1032 771 sequi,
1059 712 1143 755 iam
1173 713 1294 770 prius
1325 712 1382 756 ab
1408 713 1598 772 interpp.

200 783 228 830 l.
251 797 288 826 c.
310 788 376 826 est
396 781 697 838 observatum;
727 781 829 826 add.
859 781 1054 826 Curtius:
1084 781 1159 824 Gr.
1182 780 1339 828 Gesch.
1366 783 1407 826 1³
1436 798 1478 841 p.
1499 780 1599 828 508.

198 877 257 884 —
288 850 437 906 Quid?
482 851 601 910 quod
640 852 734 910 ejus
774 850 1032 908 Theogonia
1063 850 1200 908 digna
1228 851 1425 908 habetur,
1468 866 1599 910 quam

198 923 244 965 in
275 921 457 966 deorum
488 921 688 965 convivio
718 920 873 964 Musae
911 926 1092 964 canant:
1134 919 1182 964 ef
1232 921 1417 965 Icarom.
1459 936 1496 965 c.
1525 918 1598 968 27.

313 990 374 1033 At
406 991 480 1047 qui
507 990 569 1044 fit,
599 995 647 1032 ut
673 989 909 1043 Lucianus,
942 1004 1041 1031 cum
1070 995 1134 1032 tot
1153 990 1375 1047 tantisque
1394 990 1599 1033 laudibus

197 1060 331 1103 hosce
362 1064 514 1116 poetas
555 1057 733 1113 afficiat,
786 1057 906 1101 haud
942 1058 1096 1115 paucis
1137 1058 1247 1102 locis
1277 1058 1348 1102 vel
1378 1058 1600 1103 acerbissi-

197 1143 313 1172 mam
363 1142 511 1171 eorum
559 1126 939 1184 reprehensionem
988 1126 1225 1185 suscipiat?
1286 1126 1424 1185 Cujus
1464 1129 1526 1170 rei
1563 1129 1599 1171 si

197 1197 296 1257 quis
322 1211 473 1242 veram
503 1211 702 1242 caussam
733 1196 984 1254 perspicere
1017 1196 1153 1254 cupit,
1196 1195 1311 1241 duae
1342 1212 1412 1241 res
1438 1198 1484 1240 in
1513 1212 1599 1241 me·

194 1268 378 1311 moriam
416 1266 695 1310 revocandae
732 1271 852 1309 sunt:
899 1266 1153 1324 scriptorem
1194 1281 1337 1323 quem·
1364 1272 1598 1310 tractemus

195 1336 541 1380 inimicissimum
592 1334 728 1379 fuisse
774 1333 1023 1392 vulgarium
1082 1334 1137 1378 de
1191 1335 1283 1378 deis
1331 1336 1600 1393 opinionum,

195 1405 353 1449 deinde
400 1406 464 1448 eis
508 1405 614 1462 ipsis
647 1404 930 1462 temporibus,
980 1403 1140 1461 quibus
1168 1404 1330 1447 vixerit
1360 1404 1599 1459 Lucianus,

194 1475 299 1517 istas
348 1473 676 1531 superstitiones
720 1488 836 1516 nova
877 1473 1046 1529 cepisse
1087 1474 1357 1515 incrementa
1376 1475 1419 1528 ¹).
1480 1472 1599 1526 Quid

197 1543 333 1601 igitur
363 1542 535 1597 mirum,
566 1541 682 1599 quod
714 1541 940 1585 Lucianus
971 1540 1236 1599 aliquotiens
1267 1543 1312 1584 in
1344 1556 1419 1585 eos
1447 1548 1600 1599 poetas

196 1611 427 1655 invehatur
441 1642 453 1662 ‚
502 1625 610 1668 quos
635 1611 737 1669 jure
768 1609 943 1653 illarum
973 1625 1119 1653 rerum
1150 1616 1351 1654 auctores
1376 1609 1600 1654 habebat?

194 1680 441 1737 Praecipue
470 1679 786 1722 attendendum
819 1685 884 1721 est
916 1679 973 1721 ad
1005 1678 1142 1722 verba
1173 1694 1288 1737 quae
1319 1679 1527 1736 leguntur
1555 1681 1601 1722 in

196 1748 391 1806 Philops.
439 1744 492 1804 2,
545 1748 623 1792 ubi
667 1748 856 1806 scriptor
903 1762 950 1791 se
995 1747 1124 1803 dicit,
1176 1750 1376 1807 quamvis
1423 1749 1602 1792 miretur

198 1819 381 1862 eximios
407 1817 506 1861 illos
537 1822 688 1875 poetas
720 1812 1017 1873 (θαυμαστοὺς
1043 1815 1123 1876 τὴν
1143 1818 1277 1873 φύσιν
1308 1822 1350 1861 et
1376 1814 1602 1873 ἀοιδίμους

197 1885 359 1946 ἄνδρας
389 1902 463 1930 eos
494 1886 758 1945 praedicat),
804 1892 950 1930 tamen
981 1902 1071 1930 non
1101 1901 1244 1945 posse,
1294 1887 1402 1945 quin
1433 1887 1600 1945 pudore

196 1962 521 2001 commoveatur
560 1956 780 2012 legentem
821 1955 1044 1999 fabulosas
1071 1957 1173 1999 istas
1212 1956 1267 1999 de
1299 1955 1394 1999 deis
1427 1957 1602 2014 excogi-

197 2032 310 2070 tatas
353 2024 715 2080 narratiunculas,
761 2040 870 2082 quas
909 2040 1046 2082 usque
1087 2025 1145 2068 ad
1183 2040 1393 2082 praesens
1428 2032 1599 2083 tempus

197 2094 406 2154 permulti
431 2109 559 2138 veras
592 2094 764 2146 ducant,
794 2092 946 2135 inculti
976 2093 1167 2136 maxime
1187 2093 1397 2150 homines,
1429 2093 1600 2138 ἰδιῶται

198 2164 286 2216 (De
308 2163 413 2210 luct.
435 2158 499 2225 2),
532 2163 607 2206 sed
630 2161 850 2206 interdum
879 2161 952 2205 vel
983 2163 1037 2217 ei,
1068 2163 1144 2221 qui
1163 2162 1416 2221 philosophi
1435 2178 1599 2207 nomen

197 2246 302 2291 prae
346 2247 393 2276 se
425 2231 591 2276 ferant:
640 2231 698 2280 cf.
736 2231 833 2290 Iup.
867 2231 1000 2289 Trag.
1030 2228 1100 2286 39,
1150 2246 1236 2291 quo
1281 2231 1459 2291 quidem
1503 2232 1599 2277 loco

197 2308 431 2361 postquam
452 2301 675 2346 Timocles
693 2301 867 2346 Stoicus
884 2301 1128 2346 Homerum
1150 2301 1295 2346 attulit
1313 2308 1469 2347 testem
1491 2304 1601 2347 veri-

213 2459 216 2462 *
294 2477 327 2519 1)
353 2475 405 2509 Cf.
432 2476 660 2520 Bernhardy:
703 2475 858 2510 Grundr.
895 2476 958 2510 der
992 2476 1054 2510 Gr.
1086 2476 1156 2510 Lit.
1189 2477 1219 2510 Ι.
1245 2477 1325 2510 579.
1373 2476 1510 2510 Preller
1543 2487 1599 2520 ap.

199 2533 304 2568 Pauli
321 2534 487 2567 Realenc.
513 2534 575 2569 IV.
606 2545 641 2580 p.
669 2534 758 2569 1172
784 2544 838 2577 sq.
886 2533 1105 2579 Hertzberg:
1143 2533 1271 2570 Geseh.
1298 2533 1443 2569 Griech.
1468 2537 1542 2569 unt.
1565 2533 1598 2568 d.

197 2592 301 2626 Rom.
349 2592 396 2626 11.
424 2593 505 2626 486.
