1792 3125
872 162 933 213 25

203 308 288 354 pro
310 298 451 337 certo
495 291 637 336 habeo
667 292 915 337 Lucianum
949 292 1169 352 Aristoph.
1200 293 1283 340 Av.
1314 287 1441 337 1575.
1472 287 1600 346 1576,

208 363 288 407 ubi
313 362 529 406 Hercules
557 356 657 420 pari
685 376 836 420 poena
861 361 977 405 affici
1015 362 1111 405 vult
1139 362 1361 407 maleficos
1390 362 1493 406 istos
1524 360 1601 419 qui

209 436 371 477 aerem·
401 430 709 477 obstruxerint.
770 430 858 474 Hic
902 445 1032 489 porro
1062 431 1370 475 memorandus
1402 436 1467 475 est
1496 429 1601 489 Jup,

164 504 167 505 ⁷
209 502 340 559 Trag.
370 515 407 547 c,
436 496 507 556 20,
554 499 630 544 ubi
658 503 988 558 παρέγγραπτος
1006 502 1036 553 ¹)
1077 499 1184 543 deus
1214 500 1291 544 ille
1321 500 1491 556 dicitur,
1535 506 1602 543 ut·

209 575 314 629 pote
358 569 432 628 qui
465 584 562 613 sero
606 584 657 612 ac
688 569 768 613 vix
798 562 1094 627 legitimorum
1123 569 1306 613 deorum
1335 570 1499 626 agmini
1529 569 1602 613 ad-

211 639 325 683 ditus
357 638 426 682 sit.
481 638 659 683 Similes
691 638 818 698 jocos
859 637 916 682 de
956 636 1158 681 Herculis
1191 640 1345 697 νοθείᾳ
1374 639 1446 692 (sit
1472 638 1603 682 venia

208 722 366 766 graeco
386 707 538 762 verbo)
569 708 882 766 Aristophanes
902 707 1132 766 proposuit
1156 707 1202 750 in
1221 707 1306 751 Av.
1326 704 1455 752 1669.
1474 703 1602 752 1650.

885 926 928 970 b.

323 1074 422 1120 Jam
454 1076 752 1121 accedendum
791 1077 848 1121 ad
885 1091 960 1121 eos
987 1077 1178 1121 Luciani
1215 1075 1350 1132 locos,
1397 1075 1472 1119 ubi
1504 1088 1604 1118 cum

208 1159 369 1202 magna
398 1145 552 1190 saltem
571 1146 889 1205 probabilitatis
924 1147 1069 1205 specie
1088 1146 1426 1205 Aristophanem
1449 1144 1506 1189 ab
1528 1143 1603 1188 illo

209 1229 465 1273 expressum
496 1230 593 1260 esse
624 1215 915 1261 demonstrari
942 1221 1098 1275 potest.

257 1377 259 1379 -
323 1320 545 1364 Lucianus
591 1335 858 1379 quamquam
896 1335 1045 1364 omnes
1076 1321 1133 1364 ad
1163 1335 1299 1364 unum
1333 1319 1440 1363 deos
1467 1334 1605 1378 popu-

209 1388 322 1432 lares
355 1389 544 1433 ludibrio
575 1389 789 1444 habebat,
835 1391 1050 1448 imprimis
1080 1396 1227 1433 tamen
1256 1388 1468 1432 irridebat
1500 1388 1604 1432 deos

208 1459 314 1502 istos
344 1464 568 1512 externos,
614 1459 689 1517 qui
734 1465 932 1517 tempore
959 1459 1222 1517 procedente
1252 1473 1426 1516 semper
1456 1457 1604 1515 plures

209 1528 253 1570 in
285 1532 525 1571 ceterorum
555 1542 786 1570 numerum
812 1528 1136 1585 recipiebantur
1148 1528 1196 1583 ²),
1225 1527 1462 1578 Sabazium
1490 1526 1606 1581 dico,

212 1594 523 1655 Corybantem,
553 1596 688 1641 alios:
736 1597 860 1656 cujus
901 1597 966 1641 rei
995 1597 1118 1641 locus
1148 1596 1430 1653 gravissimus
1468 1601 1533 1639 est
1559 1597 1605 1639 in

210 1666 346 1709 Deor.
378 1665 512 1710 Oonc.
549 1664 589 1718 9,
634 1666 734 1711 add,
767 1666 950 1711 Icarom.
983 1663 1054 1712 27.
1115 1665 1267 1709 Priore
1294 1665 1392 1709 loco
1420 1665 1605 1719 Momus,

210 1738 258 1777 ut
298 1733 399 1777 illos
444 1748 469 1777 e
517 1735 638 1779 coelo
679 1733 913 1793 depellant,
955 1742 1121 1779 ceteros
1162 1734 1266 1778 deos
1296 1734 1504 1789 hortatur,
1551 1734 1605 1780 cf.

211 1818 247 1849 c.
280 1799 347 1848 10.
408 1803 508 1847 Jam
548 1819 652 1848 vero
693 1819 792 1848 cum
821 1803 1162 1863 Aristophanem
1191 1805 1237 1847 in
1266 1804 1397 1860 Horis
1410 1805 1445 1856 3)
1476 1802 1606 1846 simili

211 1874 378 1917 ratione
426 1874 533 1917 istos
566 1874 819 1931 peregrinos
850 1889 907 1918 ex
952 1874 1134 1918 deorum
1168 1873 1341 1917 civitate
1371 1871 1606 1930 ejiciendos

212 1943 433 1986 censuisse
463 1957 488 1986 e
514 1942 738 1987 Ciceronis
768 1943 838 1987 De
870 1943 1023 2001 Legib.
1055 1941 1123 1998 11,
1151 1940 1207 1987 15
1221 1944 1256 1998 ⁴¹)
1287 1942 1466 1997 eluceat,
1495 1943 1606 1986 veri-

212 2011 353 2055 simile
381 2017 458 2067 est,
487 2012 729 2056 Lucianum
760 2013 807 2055 in
838 2012 959 2056 hisce
986 2011 1117 2055 rebus
1148 2011 1363 2055 imitatum
1395 2026 1491 2055 esse
1511 2012 1607 2055 Ari-

213 2080 484 2138 stophanem.

255 2263 264 2266 “
306 2255 340 2298 1)
370 2253 422 2288 Cf.
451 2254 724 2299 grammaticum
749 2255 788 2288 in
816 2254 959 2293 Bachm.
987 2254 1128 2290 Anekd.
1153 2255 1217 2291 Gr.
1242 2255 1290 2291 11.
1313 2266 1349 2300 p.
1374 2257 1458 2293 32&

305 2312 341 2356 2)
367 2311 419 2348 cf.
444 2313 663 2358 Hertzberg:
693 2312 821 2347 Geseh.
847 2313 988 2348 Gricch·
1015 2316 1091 2347 unt.
1116 2313 1184 2348 den
1209 2313 1310 2348 Rom.
1337 2314 1383 2348 11.
1408 2315 1488 2348 266.

305 2372 341 2415 3)
368 2372 584 2416 Fragmenta
607 2374 690 2406 sunt
719 2382 775 2416 sp.
800 2372 908 2406 Mein.
933 2371 1031 2407 com.
1056 2372 1118 2407 Gr.
1143 2372 1287 2417 Fragm.
1313 2373 1360 2407 ΙΙ.
1385 2384 1418 2417 p.
1447 2373 1538 2406 1170
1553 2383 1606 2416 sq.

304 2429 342 2474 4)
366 2430 512 2473 „Novos
541 2440 627 2463 vero
658 2428 744 2463 deos
778 2432 814 2462 et
848 2429 887 2462 in
916 2429 973 2463 his
1004 2429 1163 2464 colendis
1187 2433 1380 2465 nocturnas
1411 2430 1606 2474 pei-viliga-

212 2487 327 2521 tiones
362 2487 415 2522 sic
443 2486 552 2521 Arist.
589 2486 830 2522 facetissimus
864 2490 969 2532 poeta
1000 2488 1134 2523 veteris
1160 2488 1381 2523 commodine
1407 2490 1524 2529 vexat,
1565 2490 1605 2520 ut

212 2544 306 2588 apud
334 2554 413 2579 oum
431 2544 607 2579 Sabazius
632 2548 679 2579 et
693 2544 836 2588 quidam
862 2545 925 2578 alii
950 2544 1008 2579 dei
1031 2547 1215 2591 peregrini
1234 2546 1388 2589 judicati
1412 2556 1433 2579 o
1457 2545 1604 2579 civitate

212 2601 436 2645 ejiciantur.“
