1792 3125
840 109 852 119 “
880 104 944 154 ffl

209 237 277 277 ter
315 233 362 276 in
402 233 575 293 scriptis
605 232 842 278 Lucianeis
879 233 1103 292 leguntur:
1154 232 1201 276 in
1229 232 1318 278 fine
1348 231 1495 287 Char„
1538 234 1613 293 qui

211 309 255 347 et
286 304 383 361 ipse
415 304 472 347 de
505 318 553 346 se
584 302 711 347 dicit:
760 303 865 361 περὶ
899 301 1116 361 Χάρωνος
1146 298 1188 347 ‹5'
1219 301 1358 351 οὐδεὶς
1383 300 1508 357 λόγος
1538 302 1612 361 (cf.

210 374 421 432 interppn
450 371 508 416 ad
535 371 657 429 loc.)‚
702 386 831 430 porro
862 372 973 431 Fug.
1006 368 1089 428 28,
1132 371 1208 416 ubi
1254 371 1458 416 dominus
1498 373 1613 416 servi

213 442 444 500 cujusdam
476 441 653 499 fugitivi
684 442 754 485 cui
779 456 942 485 nomen
985 447 1051 485 est
1081 441 1339 496 Cantharus‚
1373 439 1611 485 exclamat:

211 501 246 554 ὦ
274 512 351 569 τῆς
380 510 567 570 τόλμης,
616 507 639 555 ὃ
674 509 910 567 Κάνθαρος
947 511 1204 568 φιλοσοφεῖ,
1248 507 1373 568 ἧμῶν
1402 509 1438 553 δ’
1470 505 1614 558 οὐδεὶς

209 579 350 635 λόγος.
411 579 583 638 Catapl,
602 576 670 634 14,
701 579 779 622 ubi
808 579 994 638 Micylus
1026 582 1146 622 sutor
1175 579 1232 622 ad
1255 578 1420 623 Orcum
1443 577 1613 623 delatus

211 663 268 693 ex
294 649 436 693 Parca
467 648 661 707 quaerit:
709 647 810 692 εἶπέ
829 665 925 705 μοι,
957 641 992 691 ὦ
1021 648 1221 702 Κλωθοῖ,
1250 646 1358 705 ἐμοῦ
1387 646 1437 691 δὲ
1466 642 1612 696 οὖδεὶς

209 717 356 774 λόγος;

325 786 393 831 Ne
430 793 579 830 tamen
620 785 717 843 quis
744 784 991 829 Lucianum
1027 784 1176 829 credat
1210 786 1257 828 in
1289 784 1419 828 meris
1449 784 1612 828 Aristo-

210 856 370 915 phanis
402 854 550 900 verbis
580 853 803 898 imitandis
832 854 1087 909 substitisse,
1120 853 1378 898 recensendi
1403 859 1503 898 sunt
1528 853 1613 897 loci

210 925 404 985 quidam,
433 924 510 968 ubi
540 922 617 966 ille
642 925 822 968 inventa
847 930 978 983 atque
1002 924 1287 981 cogitationes
1310 922 1465 966 comici
1490 937 1613 981 prae-

211 995 466 1039 stantissimi
496 994 543 1036 in
574 993 738 1051 scripta
768 1008 846 1037 sua
879 994 1065 1052 recepit:
1107 1008 1194 1051 quo
1225 1007 1283 1037 ex
1317 1007 1478 1050 genere
1507 986 1613 1051 quin

210 1063 425 1107 nonnulla
454 1064 542 1106 iam
572 1068 701 1106 antea
729 1062 977 1118 afferemus,
1004 1062 1149 1106 facere
1179 1077 1269 1105 non
1297 1062 1530 1119 potuimus.

329 1133 605 1190 Frequentur
661 1133 794 1189 igitur
848 1130 1187 1191 Aristophanes,
1245 1138 1294 1175 ut
1346 1130 1612 1174 hilaritatem

211 1203 436 1260 risumque
457 1200 791 1245 Atheniensium
815 1206 1021 1257 moveret,
1053 1201 1307 1259 peregrinos
1339 1206 1382 1244 et
1402 1199 1612 1244 barbaros

212 1286 293 1315 sua
322 1270 506 1314 dialecto
538 1269 769 1329 loquentes
801 1270 985 1327 inducit,
1032 1270 1153 1314 velut
1182 1269 1383 1314 Lacones
1413 1270 1459 1314 in
1488 1268 1613 1328 Lysi-

210 1347 360 1395 strata,
405 1340 614 1398 Scytham
649 1341 694 1382 in
732 1339 1017 1397 Thesmoph„
1064 1339 1243 1383 Persam
1283 1340 1329 1382 in
1358 1338 1612 1382 Acharneu-

209 1410 347 1460 sibus5
394 1408 495 1452 add.
527 1415 752 1466 praeterea
786 1408 923 1452 verba
946 1408 1136 1457 ,dialecto
1171 1408 1328 1452 Jonica
1362 1407 1535 1466 prolata
1566 1409 1612 1450 in

207 1478 311 1523 Pac.
343 1475 415 1521 47.
443 1474 513 1523 48.
562 1503 621 1508 -
664 1477 814 1520 Hocce
862 1477 1094 1520 artificium
1147 1478 1372 1521 Lucianus
1420 1477 1611 1519 imitatus

210 1547 256 1589 in
287 1545 376 1590 Vit.
418 1545 542 1589 Auct.
588 1542 629 1592 3.
678 1542 733 1590 13
791 1545 1088 1604 Pythagoram
1133 1545 1406 1590 Heraclitum
1439 1544 1615 1588 'Demo-

211 1616 380 1671 critum‚
422 1615 468 1657 in
507 1615 578 1658 De
609 1616 739 1662 Dom.
776 1612 835 1659 20
867 1614 1141 1658 Herodotum
1175 1615 1316 1659 ionice
1345 1614 1613 1659 disserentes

210 1683 330 1731 facit.

310 1754 502 1800 Acharn.
533 1749 621 1798 910
650 1769 713 1812 sq.
789 1752 1029 1797 Nicarchus
1068 1752 1341 1811 sycophanta
1380 1752 1612 1797 ridiculam

210 1824 266 1867 ob
315 1838 514 1867 caussam
564 1838 610 1866 se
657 1823 880 1865 minitatur
909 1828 1212 1865 accusaturum
1256 1836 1351 1865 esse
1382 1822 1611 1877 Boeotum,

211 1893 374 1951 quippe
406 1893 480 1950 qui
509 1891 741 1935 consilium
774 1891 957 1948 ceperit5
982 1890 1317 1934 Atheniensium
1342 1890 1519 1934 navalia
1549 1891 1612 1934 in-

210 1960 411 2004 cendere.
472 1959 616 2004 Simili
653 1961 783 2004 nixus
824 1960 1206 2017 argumentatione
1235 1960 1428 2003 Demeas
1466 1959 1613 2003 rhetor

209 2031 256 2071 in
286 2029 394 2076 Luc.
426 2030 539 2075 Tim.
570 2026 642 2074 52.
671 2025 730 2072 53
761 2029 807 2070 in
830 2029 906 2086 jus
938 2034 1172 2072 vocaturus
1204 2034 1269 2071 est
1297 2028 1543 2082 Timonem,
1585 2041 1612 2070 a

210 2113 296 2155 quo
344 2112 488 2141 arcem
537 2098 762 2140 incensam
807 2111 902 2140 esse
943 2098 1151 2140 mentitur
1169 2099 1214 2152 ¹).
1276 2095 1611 2154 Comparandus

210 2171 438 2223 praeterea
469 2165 743 2224 sycophanta
772 2166 818 2207 in
848 2164 982 2210 Arist.
1016 2164 1132 2209 Plut.
1164 2162 1251 2209 948
1282 2181 1347 2224 sq.

325 2235 379 2278 In
410 2234 594 2279 Luciani
622 2235 781 2278 Piscat.
813 2233 1174 2293 philosophorum
1215 2234 1447 2279 clarissimi
1485 2233 1610 2277 indu-

209 2310 380 2358 cuntur,
412 2305 488 2364 qui
522 2304 698 2363 quidem
729 2319 785 2348 ex
811 2303 927 2348 Orco
959 2304 1245 2349 ascendentes
1278 2304 1522 2348 Lucianum
1553 2302 1609 2347 ob

306 2470 339 2513 1)
364 2468 506 2503 Similia
541 2478 561 2501 e
593 2466 779 2502 comoedia
810 2467 931 2511 aliqua
960 2467 1069 2509 ⁴nobis
1103 2467 1248 2503 videtur
1279 2467 1424 2505 duxisse
1448 2467 1609 2512 Alciphr.

208 2527 237 2561 Ι.
262 2529 319 2571 32,
344 2528 366 2561 3
392 2526 445 2562 ed.
471 2525 598 2563 Soiler.
