1792 3125
875 192 932 242 21

208 326 515 387 philosophiae
544 322 788 367 irrisionem
808 323 961 382 poenis
981 324 1251 381 gravissimis
1271 323 1470 368 affecturi
1491 322 1603 370 sunt.

206 396 466 455 Fugientem
498 399 825 452 persequuntur
855 390 1146 437 clamitantes:
1200 392 1335 450 βάλλε
1363 393 1496 451 βάλλε
1523 390 1605 438 τὸν

205 463 447 521 κατάρατον
475 458 699 520 ἀφθόνοις
718 467 807 510 τοῖς
833 463 976 510 λίθοις
1002 496 1011 507 .
1044 493 1054 504 .
1087 493 1097 504 .
1128 467 1238 506 παῖε
1267 460 1345 507 τὸν
1374 457 1605 520 άλιθὴριον

208 540 251 578 et
280 546 393 592 quae
424 536 680 590 sequuntur.
747 530 873 575 Haec
918 530 1066 574 omnia
1105 544 1162 573 ex
1191 530 1495 590 Aristophanis
1536 546 1604 575 co-

206 601 390 646 moediis
427 614 637 659 expressa
669 605 783 656 sunt,
824 599 900 643 ubi
925 599 1086 643 similia
1114 598 1365 658 frequenter
1392 606 1603 657 aguntur:

206 670 263 719 cf.
294 670 486 714 Acharn.
517 664 619 724 280,
650 683 737 727 quo
768 668 865 713 loco
896 667 1205 712 Acharnenses
1224 668 1516 728 Dicaeopolin
1543 670 1602 713 in-

206 739 344 784 secuti
378 737 626 782 exclamant
656 735 787 794 βάλλε
815 735 948 795 βάλλε
978 772 988 784 .
1011 771 1020 780 .
1041 773 1052 784 .
1080 742 1187 782 παῖε
1211 738 1298 786 πᾶς
1325 734 1402 782 τὸν
1429 738 1602 795 μιαρόν.

204 809 317 867 Equ.
339 805 425 853 247
440 811 534 866 'sq.:
562 811 669 852 παῖε
691 811 798 852 παῖε
822 801 901 852 τὸν
926 806 1191 863 πανοῦργον;
1223 805 1323 854 add.
1344 806 1460 854 Nub.
1478 804 1604 854 1508.

204 876 289 924 Av.
317 873 417 924 365.

320 945 420 1005 Jup.
443 945 577 1005 Trag.
597 940 654 990 21
682 944 868 1001 Momus,
898 961 1069 990 summa
1100 961 1201 990 cum
1228 944 1427 989 libertate
1444 944 1603 990 Jovem

206 1016 262 1061 ob
292 1016 546 1075 injustitiam
589 1028 641 1058 ac
670 1014 884 1060 bonorum
914 1014 1236 1074 neglegentiam
1264 1014 1603 1073 reprehendens,

204 1086 473 1140 libertatem,
521 1099 654 1143 quam
698 1086 940 1142 expromit,
987 1086 1049 1128 sic
1092 1090 1294 1129 excusat:
1352 1083 1483 1140 μόνοι
1525 1082 1603 1142 γὰρ

203 1152 339 1210 ἔσμεν
369 1155 441 1198 καὶ
474 1150 616 1203 οὐδεὶς
645 1151 878 1211 ἄνθρωπος
914 1153 1104 1211 πάρεστι
1133 1155 1195 1212 τῷ
1216 1151 1438 1212 ’συλλόγῳε
1489 1168 1603 1212 quae

203 1223 280 1267 ubi
320 1224 556 1268 contuleris
599 1237 699 1266 cum
728 1222 1034 1281 Aristophanis
1075 1222 1273 1268 versibus
1307 1222 1601 1267 celeberrimis

202 1292 417 1348 (Acharn.
446 1289 545 1338 504.
569 1288 696 1347 505):

406 1358 528 1406 αὐτοὶ
556 1360 638 1420 γάρ
668 1359 801 1418 ἐσμεν
831 1358 937 1406 οὗπὶ
963 1364 1150 1421 Ληναίῳ
1179 1358 1215 1406 τ’
1250 1358 1379 1418 ἀγών,

405 1428 555 1475 κοῦπω
587 1434 701 1483 ξένοι
728 1429 948 1489 πάρεισιν,

202 1500 310 1544 haec
339 1500 524 1543 Luciani
555 1506 657 1544 ante
689 1499 838 1544 oculos
867 1506 1042 1544 versata
1072 1515 1167 1544 esse
1197 1500 1356 1544 infitias
1385 1516 1473 1544 non
1505 1501 1602 1557 ibis,

203 1570 459 1627 praesertim
493 1584 591 1612 cum
629 1570 727 1627 ipsa
757 1583 899 1627 paene
928 1569 1063 1613 verba
1093 1570 1355 1627 conspirent.
1416 1569 1603 1628 Insuper

204 1637 257 1685 cf.
292 1637 557 1699 Thesmoph.
588 1633 687 1684 472.

319 1707 372 1750 In
412 1706 597 1750 Luciani
636 1706 774 1765 Epist.
821 1705 993 1750 Saturn.
1036 1703 1092 1751 31
1137 1705 1353 1751 Saturnus
1393 1707 1601 1752 divitibus

202 1778 385 1832 nuntiat,
436 1791 651 1835 pauperes
693 1791 721 1819 a
757 1791 803 1819 se
843 1775 1063 1834 petivisse,
1112 1782 1160 1820 ut
1201 1776 1380 1822 ditiores
1418 1777 1601 1836 juberet

202 1845 520 1904 aliquantulum
553 1846 722 1902 argenti
752 1846 799 1888 in
826 1859 899 1888 eos
931 1845 1167 1901 effundere,
1216 1847 1292 1904 qui
1322 1846 1473 1904 inopia
1502 1861 1599 1904 pre-

202 1920 437 1959 merentur.
496 1913 645 1958 Verba
684 1919 804 1959 sunt:
850 1915 928 1957 τοῦ
958 1916 1140 1971 χρυσίου
1184 1910 1330 1970 ὀλίγον
1370 1913 1601 1967 ἕπιστάξαι

201 1980 345 2033 αὐτοῖς
393 1980 602 2038 (ἐκέλευον
641 1979 872 2038 ἀναγκάσαι
912 1980 1054 2038 ὑμᾶς).
1131 1982 1424 2041 Comparatur
1468 1985 1601 2041 igitur

201 2066 355 2095 aurum
385 2065 484 2094 cum
512 2051 645 2095 melle
674 2052 874 2108 guttatim
903 2049 1035 2093 alicui
1054 2050 1287 2098 instillato:
1319 2052 1437 2110 quod
1456 2052 1599 2096 simile

200 2135 258 2164 ex
303 2120 597 2178 Aristophane
654 2134 730 2164 suo
780 2120 965 2178 sumpsit
1012 2118 1248 2164 Lucianus.
1322 2121 1488 2166 Versus
1534 2127 1600 2165 est

200 2189 392 2232 Acharn.
416 2184 531 2233 1034
559 2186 612 2232 σύ
641 2190 693 2233 δὲ
720 2222 733 2237 .
755 2220 766 2232 .
788 2220 798 2231 .
828 2204 904 2245 μοι
936 2185 1181 2245 σταλαγμὸν
1214 2187 1386 2249 εἰρήνης
1415 2187 1492 2234 ἕνα
1521 2222 1530 2233 .
1554 2225 1564 2236 .
1585 2224 1596 2236 .

200 2255 477 2310 ἐνστάλαξον.

316 2325 369 2370 In
398 2325 502 2370 Ver.
523 2326 638 2373 Hist.
670 2327 727 2382 H,
761 2324 789 2372 9
822 2326 1084 2372 describitur
1113 2332 1332 2371 certamen
1353 2327 1598 2372 Alexandri

200 2401 333 2455 atque
373 2395 637 2440 Hannibalis
686 2397 733 2439 in
775 2396 891 2441 Orco
923 2396 1137 2452 obortum,
1182 2411 1281 2440 cum
1324 2402 1506 2456 uterque
1552 2412 1597 2441 se

198 2470 323 2524 putet
352 2464 525 2521 throno,
567 2464 790 2509 fortissimi
820 2466 867 2509 in
897 2466 1108 2510 honorem
1139 2471 1372 2517 exstructo,
1415 2464 1596 2524 dignum

199 2548 306 2580 esse.
366 2533 627 2578 Rectissime
657 2534 765 2579 haec
790 2549 891 2579 cum
910 2535 1130 2593 Aristoph.
1152 2534 1263 2579 Ran.
1285 2532 1371 2579 764
1398 2534 1596 2579 Kockius

207 2602 414 2660 contulit3
460 2617 604 2661 neque
633 2604 748 2647 enim
777 2603 960 2648 dubium
991 2609 1069 2661 est,
1101 2605 1206 2663 quin
1234 2609 1453 2648 certamen
1482 2603 1595 2648 illud
