1792 3125
882 165 945 229 1⁹⁷-

217 301 558 366 ἀεροβατοῦντας
601 306 857 354 δεικνύουσα
915 307 965 367 (ἡ
1011 310 1229 366 κωμωδία)
1282 309 1354 353 καὶ
1405 308 1606 367 νεφέλαις

216 377 431 428 ξυνόντας.
490 376 583 421 Nec
612 378 756 422 minus
787 392 851 431 ea,
882 392 997 437 quae
1026 377 1187 421 deinde
1213 384 1468 437 sequuntur,
1494 378 1607 437 ψυλ-

215 446 303 491 λῶν
327 444 566 507 πηδήματα
595 448 932 504 διαμετρεῖσθαι
961 447 1007 490 in
1027 451 1278 491 memoriam
1304 463 1511 493 revocare
1529 448 1606 491 Ar.

214 515 328 563 Nub.
360 513 447 560 144
474 531 563 574 sq.:

389 579 561 644 ἀνήρετ’
592 580 692 640 ἄρτι
722 584 1011 642 Χαιρεφῶντα
1039 583 1267 643 Σωκράτης

387 651 570 710 ψύλλαν,
596 649 795 700 ὅπόσους
823 649 971 696 ἅλοιτο
998 652 1102 701 τοὺς
1130 652 1258 712 αὑτῆς
1286 653 1429 702 πόδας

216 722 306 767 iam
333 737 361 767 a
387 720 605 781 prioribus
634 720 942 781 interpretibus
973 727 1038 767 est
1068 722 1361 768 observatum.

330 792 442 835 Ran.
469 787 584 835 1300
610 790 857 850 Aeschylus
887 806 934 835 se
965 791 1070 836 dicit
1097 793 1314 837 imitatum
1344 807 1439 837 esse
1460 799 1611 851 poetas

215 861 428 917 Lesbios,
477 876 535 905 ne
578 861 624 905 in
669 860 909 920 Phrynichi
956 868 1150 920 segetem
1192 862 1406 907 immitere
1454 862 1611 908 falcem

215 930 455 977 videretur:

393 1025 450 1032 —
475 1026 533 1033 —
563 998 634 1045 ἵνα
661 998 724 1057 μὴ
753 994 832 1044 τὸν
862 994 995 1044 αὐτὸν
1022 1002 1222 1058 Φρυνίχῳ

395 1069 588 1124 λειμῶνα
619 1068 817 1112 Μουσῶν
847 1064 968 1126 ἱερὸν
999 1065 1189 1127 ὀφθείην
1218 1070 1406 1126 δρέπων.

215 1138 378 1185 Porsus
411 1137 575 1183 eisdem
604 1137 751 1182 verbis
780 1139 827 1181 in
846 1137 1032 1182 Luciani
1051 1137 1164 1185 Piso.
1187 1136 1214 1183 7
1246 1138 1373 1182 Plato
1404 1138 1461 1183 ad
1482 1140 1612 1196 signi-

215 1207 436 1252 ficandum
467 1206 652 1249 Luciani
692 1220 833 1263 genus
876 1206 1093 1250 scribendi
1133 1207 1267 1250 utitur
1314 1207 1386 1261 (cf,
1431 1210 1609 1266 interpr.

215 1277 274 1323 ad
302 1276 386 1323 loc.
419 1275 679 1335 Aristoph.):
747 1309 758 1319 .
789 1312 799 1323 .
848 1286 920 1321 σοι
957 1271 1037 1322 τὸν
1074 1276 1259 1332 λειμῶνα
1297 1274 1462 1323 ἐκεῖνον
1497 1278 1542 1332 (i.
1574 1292 1612 1323 e.

217 1347 379 1404 scripta
398 1351 547 1389 nostra
567 1345 887 1402 philosophica)
918 1341 1211 1394 ἀναπετὰντες
1236 1342 1313 1389 οῦκ
1340 1344 1613 1401 ἐκωλύσαμεν

216 1416 466 1474 δρέπεσθαι
484 1416 529 1470 ¹).

331 1485 410 1527 Ar.
443 1484 556 1529 Ran.
578 1481 692 1527 1106
720 1482 891 1526 codices
922 1483 1128 1527 exhibent
1157 1482 1457 1541 ἀναδέρεσθον
1485 1481 1539 1526 τά
1564 1497 1615 1526 τε

217 1549 385 1599 παλαιὰ
404 1552 476 1597 καὶ
500 1550 555 1596 τὰ
574 1550 720 1596 καινάς
754 1551 874 1611 quod
894 1566 992 1595 cum
1013 1559 1264 1612 corruptum
1285 1558 1461 1612 putaret
1479 1552 1615 1608 Berg-

215 1623 329 1674 kius,
362 1620 642 1665 scribendum
663 1623 831 1665 censuit
860 1617 944 1666 ἀνὰ
976 1616 1018 1664 δ’
1038 1620 1226 1678 ἔρεσθον
1255 1624 1283 1665 i.
1315 1637 1352 1667 e.
1382 1622 1614 1679 exquirite.

216 1690 528 1735 Verumtamen
549 1690 805 1748 scripturam
836 1689 1033 1733 codicum
1062 1690 1331 1734 retinendam
1363 1704 1459 1734 esse
1489 1688 1617 1732 docet

217 1760 399 1803 imitatio
434 1758 618 1802 Luciani
657 1759 703 1802 in
743 1758 1005 1815 Pseudolog.
1044 1755 1115 1815 20,
1164 1773 1251 1817 quo
1281 1758 1376 1802 loco
1418 1758 1615 1815 scriptor,

220 1828 459 1874 adversarii
505 1828 734 1886 cujusdam
774 1828 891 1872 mala
930 1828 1126 1872 facinora
1154 1834 1408 1872 narraturus
1440 1841 1489 1870 se
1523 1827 1618 1885 ipse

221 1898 498 1955 interrumpit
517 1897 585 1940 his
609 1897 776 1943 verbis:
802 1894 912 1941 ἀλλὰ
938 1899 1010 1941 καὶ
1039 1893 1264 1954 ἀναδέρειν
1295 1892 1401 1941 αὐτὰ
1433 1893 1618 1953 αἰσχρὸν

221 1967 323 2017 ἴσως
354 1964 455 2023 ἐμοί
484 1966 513 2010 i.
545 1972 596 2010 e.'
616 1965 720 2023 „sed
751 1966 822 2011 vel
851 1966 1053 2010 refricare
1083 1972 1125 2009 et
1154 1965 1375 2010 narrando
1403 1979 1617 2009 renovare

222 2037 306 2079 ista
325 2035 492 2079 scelera
511 2041 638 2091 turpe
663 2036 768 2088 est“‚
795 2035 872 2078 ubi
900 2034 1092 2077 dubitari
1111 2035 1272 2091 nequit,
1306 2035 1414 2091 quin
1433 2033 1620 2077 verbum

222 2103 493 2147 rarissimum
519 2097 745 2160 ἀναδέρειν
765 2102 824 2146 ad
844 2102 1097 2161 exemplum
1115 2101 1201 2146 loci
1219 2100 1528 2159 Aristophanei
1543 2093 1619 2159 po-

224 2173 355 2217 situm
376 2172 484 2229 sit2).
536 2170 637 2215 Hoc
669 2172 802 2228 igitur
833 2171 928 2216 loeo
949 2171 1122 2227 accidit,
1152 2177 1199 2215 ut
1212 2171 1439 2215 Lucianus
1456 2170 1621 2213 Aristo-

320 2313 353 2356 1)
389 2310 564 2346 Addimus
605 2311 752 2346 eandem
793 2312 989 2358 imaginem
1028 2322 1073 2346 ex
1109 2311 1189 2346 loco
1226 2311 1408 2346 Lucianeo
1443 2311 1620 2354 sumptam

226 2380 328 2405 suum
354 2370 393 2403 iu
417 2380 522 2404 usum
547 2369 697 2405 vertisse
724 2373 907 2405 auctorem
937 2369 1141 2405 Charidemi
1166 2380 1197 2404 c.
1225 2372 1283 2404 22.

318 2428 355 2472 2)
379 2427 484 2462 Hanc
507 2428 853 2472 argumentationem
885 2429 917 2462 si
943 2428 1025 2472 quis
1051 2431 1212 2462 evertere
1238 2426 1343 2469 velit,
1380 2425 1480 2470 prius
1505 2426 1539 2459 ei
1564 2424 1622 2457 de-

225 2483 474 2519 monstandum
499 2487 573 2528 est,
598 2485 797 2526 Lucianum
825 2486 972 2530 linguae
1000 2496 1089 2530 pure
1113 2485 1273 2520 Graecae
1296 2486 1368 2518 tam
1393 2481 1622 2517 mediocriter

226 2552 379 2588 gnarum
412 2542 535 2585 fuisse,
571 2546 613 2577 ut
647 2554 771 2579 versus
794 2544 1074 2588 Aristophaneus
1109 2547 1231 2589 aperte
1270 2544 1457 2586 corruptos
1490 2541 1623 2584 impru-

227 2599 352 2636 denter
376 2601 536 2637 imitatus
560 2602 619 2639 sit.
