1792 3125
879 129 938 176 42

205 256 346 303 Diatr.
381 272 423 315 p.
442 253 530 301 288
562 259 836 316 propositam
856 257 1110 312 ἐχαλέπαινε
1135 258 1206 301 καὶ
1233 258 1339 316 βοῆς
1358 256 1606 313 ἐνεπίμπλα

205 324 260 369 τὰ
290 327 509 382 βασίλειαι
541 326 704 369 malam
735 329 851 370 enim
877 328 1143 385 juncturam,
1175 341 1307 384 quam
1336 323 1409 369 ille
1440 327 1485 368 in
1512 337 1607 370 ver-

204 393 271 437 bis
317 394 490 438 traditis
537 394 870 452 deprehendere
916 394 1001 439 sibi
1031 395 1150 438 visus
1184 401 1262 452 est,
1308 396 1485 440 omnino
1519 408 1606 438 non

204 465 432 507 cernimus.
495 463 561 509 Of.
592 463 686 507 Jac.
713 464 772 508 ad
798 464 906 508 Luc.
937 463 1062 507 Alex.
1087 461 1158 510 57.

321 531 465 576 Voces
495 533 706 591 poeticae,
738 532 897 591 quibus
917 533 1139 577 Lucianus
1168 534 1272 577 satis
1304 547 1434 590 saepe
1459 532 1606 586 utitur,

205 602 314 645 haec
345 607 463 645 sunt:
497 606 540 645 Γ
536 602 662 659 οερὸς
687 620 750 642 =
776 601 942 661 γοώδης
963 602 1135 658 flebilis,
1168 600 1474 656 lamentabilis,
1503 601 1607 657 „sed

205 672 344 728 magis
378 672 639 729 poeticum“,
684 677 732 714 ut
774 671 819 715 in
859 671 1083 716 Thesauro
1131 677 1248 715 recte
1292 671 1479 716 additur.
1540 669 1605 713 Of.

204 738 310 785 Luc.
341 740 466 786 Luct.
497 737 564 786 13.
606 739 761 787 Sacrif.
793 738 863 788 12.
893 741 1095 785 Phalaris
1122 741 1143 784 I
1190 739 1260 788 11.

321 808 562 867 Διάτοροςτ
594 813 899 868 „penetrans“,
922 810 1098 868 tragicis
1119 810 1459 854 usitatissimum.
1499 808 1605 855 Luc.

204 878 358 922 Gallus
388 894 425 922 c.
459 878 499 925 1.
531 879 648 923 unde
677 886 950 937 assumptum
980 887 1046 924 est
1075 881 1132 924 ab
1165 887 1342 924 auctore
1367 878 1605 936 Philopatr.

204 962 241 993 c.
274 945 314 993 6.

320 1016 591 1074 Πρόκωποςῑ
641 1017 823 1061 verbum
871 1018 929 1061 ab
959 1017 1180 1075 Aeschylo
1227 1018 1453 1061 inventum
1473 1020 1516 1071 ¹).
1559 1044 1600 1049 —-

202 1085 313 1128 Luc.
346 1086 416 1129 De
446 1086 576 1132 Dom.
608 1083 678 1131 30.
708 1086 826 1129 Dial.
858 1086 970 1129 Mar.
1004 1086 1126 1129 XIV.
1156 1083 1196 1131 3.

326 1156 558 1214 Τερπωλήε
589 1162 655 1200 est
674 1155 857 1200 Homeri
888 1160 931 1198 et
951 1154 1236 1213 Theognidis,
1267 1170 1366 1199 cum
1393 1154 1606 1213 pedestris

205 1225 420 1267 sermonis
450 1226 683 1284 scriptores
717 1230 933 1283 usurpent
963 1229 1129 1283 τέρψις.
1163 1251 1217 1257 -
1251 1224 1358 1267 Luc.
1392 1224 1502 1270 Icar.
1536 1220 1606 1269 16.

204 1292 324 1339 Dial.
356 1297 483 1338 Mort.
511 1294 704 1340 XXVII.
737 1292 776 1339 7.

730 1582 1088 1629 OONOLUSIO.

320 1736 473 1778 Restat
502 1740 550 1776 ut
580 1748 858 1791 quaeramus,
904 1749 1010 1776 num
1040 1733 1150 1777 forte
1179 1734 1402 1778 Lucianus
1432 1741 1608 1792 poetam

205 1804 395 1863 aliquem
428 1802 613 1845 latinum
649 1808 724 1844 aut
754 1803 998 1859 respexerit
1027 1808 1103 1844 aut
1134 1804 1324 1847 imitatus
1356 1804 1421 1846 sit.
1477 1802 1607 1856 Quod

203 1881 252 1918 ut
295 1878 413 1916 recte
458 1871 763 1929 dijudicemus,
813 1871 936 1928 prius
980 1871 1233 1924 videndum,
1277 1888 1381 1916 num
1428 1872 1606 1916 omnino

204 1942 405 2001 scriptori
450 1940 516 1983 illi
559 1940 740 1997 linguae
781 1939 943 1983 latinae
975 1941 1130 1983 notitia
1158 1941 1394 1985 tribuenda
1425 1942 1498 1985 sit:
1550 1940 1606 1984 de

203 2027 292 2070 qua
328 2027 377 2055 re
410 2012 569 2054 mirum
601 2016 813 2068 quantum
843 2010 927 2052 viri
960 2009 1078 2053 docti
1112 2011 1225 2054 inter
1256 2026 1302 2055 se
1333 2011 1607 2055 dissentiunt.

201 2080 503 2126 Bernhardius
534 2080 664 2135 enim,
695 2078 820 2123 nulla
851 2079 1027 2138 quidem
1047 2081 1423 2138 argumentatione
1442 2080 1606 2137 addita,

204 2166 304 2195 eum
333 2150 466 2194 latine
494 2148 708 2208 loquendi
737 2149 890 2193 rudem
910 2149 1044 2193 fuisse
1070 2149 1175 2194 dicit
1190 2153 1245 2206 2);
1277 2158 1429 2195 contra
1452 2150 1605 2195 Jacob.

202 2220 260 2264 ad
284 2220 392 2264 Luc.
424 2218 667 2263 Alexandr.
700 2216 756 2263 15
785 2224 953 2262 tantum
985 2218 1112 2262 abest
1152 2226 1199 2263 ut
1241 2220 1353 2264 illud
1381 2220 1604 2276 concedat,

299 2376 332 2417 1)
360 2373 414 2407 cf.
441 2370 554 2408 Todt:
580 2370 625 2405 de
643 2370 823 2415 Aeschylo
848 2371 1109 2407 vocabulorum
1135 2373 1326 2406 inventore
1350 2372 1602 2405 commentatio

202 2444 238 2476 p.
264 2433 322 2465 32.
370 2431 442 2473 Qui
467 2433 598 2473 tamen,
636 2429 834 2464 Lucianum
868 2431 1048 2475 permulta
1086 2430 1132 2464 ab
1157 2431 1223 2464 Ae.
1255 2430 1400 2475 petiisse
1424 2430 1604 2464 affirmans

202 2490 252 2534 (p.
271 2491 309 2533 3)
332 2488 485 2523 fallitur.

297 2548 334 2592 2)
358 2546 515 2582 Grundr.
540 2546 604 2582 der
628 2557 683 2592 gr.
707 2546 763 2581 lit.
787 2546 823 2580 1⁸
854 2559 891 2592 p.
915 2546 996 2580 565.
