1792 3125
882 165 941 214 43

214 302 263 340 ut
293 293 515 339 nonnullis
545 294 592 337 in
620 294 751 339 rebus
772 295 1015 339 Lucianum
1046 296 1224 353 linguae
1254 295 1411 340 latinae
1432 309 1607 339 consue-

213 365 417 409 tudinem
442 364 679 422 imitatione
709 365 979 421 expressisse
1008 371 1239 408 asseveret.
1315 364 1532 422 Equidem
1549 370 1609 407 >ut

214 432 347 477 animi
395 432 655 477 sententiam
700 430 837 476 libere
884 432 1103 491 profitear,
1151 434 1293 476 neutri
1310 448 1503 491 prorsus
1534 433 1608 477 ad-

214 502 528 560 stipulandum,
562 501 640 544 sed
668 501 855 544 mediam
886 502 1107 559 quandam
1136 502 1255 544 viam
1276 501 1608 558 ingrediendam

214 586 385 624 censeo.
464 570 658 614 Primum
704 585 729 613 e
765 570 999 614 Lucianeis
1044 571 1217 628 scriptis
1262 570 1366 614 satis
1412 578 1607 628 apparet,

213 656 313 685 eum
357 640 557 684 instituta
595 654 826 699 moresque
865 640 1017 698 populi
1040 639 1229 683 Romani
1267 639 1378 681 bene
1410 640 1607 696 cognitos

215 710 445 753 habuisse:
493 708 618 768 cujus
662 710 727 753 rei
758 709 879 753 testis
909 708 1037 753 nobis
1075 716 1140 752 est
1171 708 1374 767 egregius
1409 707 1608 764 dialogus

214 780 289 838 qui
334 778 552 835 Nigrinus
593 778 857 833 inscribitur,
904 785 1152 822 accuratam
1193 779 1309 821 vitae
1337 792 1608 834 morumque,

213 847 369 908 quales
401 852 509 891 tunc
537 853 660 892 erant
688 847 866 905 Romae,
897 848 1133 907 imaginem
1162 847 1379 892 referens:
1410 860 1492 890 nec
1519 860 1608 890 non

212 917 381 975 singuli
414 918 592 975 quidam
637 917 737 972 loci,
786 918 861 961 ubi
891 918 1113 962 Lucianus
1151 918 1206 960 de
1243 917 1373 960 rebus
1402 916 1610 959 Romanis

212 985 420 1045 loquitur,
454 985 571 1029 idem
601 985 879 1031 confirmant:
926 985 979 1034 cf.
1011 985 1273 1044 Pseudolog.
1304 982 1346 1031 8.
1378 984 1511 1031 Alex.
1537 980 1606 1028 30.

210 1055 343 1113 Laps.
366 1052 437 1100 13.
496 1055 632 1098 Haud
661 1055 795 1099 breve
813 1071 893 1113 per
915 1062 1088 1114 tempus
1108 1056 1354 1099 Lucianum
1380 1061 1423 1099 et
1441 1056 1609 1098 Romae

211 1129 255 1167 et
282 1123 328 1165 in
360 1122 511 1166 Gallia
532 1123 699 1166 vixisse
727 1124 853 1167 docet
881 1124 1104 1182 Nigrinus,
1135 1123 1235 1170 add.
1267 1123 1346 1166 Bis
1377 1138 1520 1170 accuS.
1550 1120 1608 1168 27

212 1207 280 1238 ex.
332 1192 520 1237 Accedit
539 1192 658 1251 quod
684 1207 821 1237 senex
846 1194 891 1237 in
912 1194 1118 1253 Aegypto
1138 1194 1394 1252 magistratu
1416 1193 1608 1252 quodam

209 1261 384 1306 functus
418 1267 494 1318 est,
539 1261 761 1306 Romanos
791 1262 957 1307 habens
992 1263 1203 1321 collegas:
1261 1263 1397 1322 Laps.
1426 1259 1484 1306 13
1517 1262 1608 1317 (ubi

210 1331 523 1376 attendendum
553 1331 610 1375 ad
642 1332 778 1377 verba
822 1328 929 1377 ἀλλὰ
973 1333 1043 1377 καὶ
1073 1331 1194 1388 ὑμεῖς
1221 1328 1374 1388 αὐτοί).
1436 1332 1536 1376 Jam
1568 1334 1606 1375 si

210 1400 320 1443 haec
353 1402 501 1445 omnia
539 1401 685 1444 animo
708 1401 1066 1459 complectimur,
1112 1402 1156 1444 in
1189 1415 1285 1444 eam
1317 1402 1607 1445 concedemus

210 1472 485 1526 sententiam,
513 1476 563 1513 ut
581 1469 826 1513 Lucianum
855 1470 1046 1528 aliquam
1075 1470 1229 1513 saltem
1250 1470 1425 1526 linguae
1444 1470 1607 1514 latinae

210 1539 411 1582 notitiam
437 1537 642 1582 habuisse
668 1538 941 1582 arbitremur.
1001 1539 1187 1597 Insuper
1223 1538 1308 1581 loci
1338 1538 1516 1597 quidam
1543 1554 1607 1583 re-

210 1608 452 1665 periuntur,
482 1606 557 1651 ubi
587 1607 681 1665 ipse
711 1606 827 1651 hanc
855 1608 1054 1652 notitiam
1082 1607 1240 1666 prodit.
1302 1608 1378 1652 Sic
1406 1609 1452 1651 in
1471 1608 1606 1666 Laps⁴

211 1676 240 1719 1.
276 1691 313 1723 c,
347 1675 493 1721 verbis
523 1671 630 1721 ἀλλὰ
661 1677 733 1721 καὶ
764 1675 889 1734 ὑμεῖς
920 1671 1044 1722 αὐτοὶ
1073 1677 1219 1720 statim
1251 1676 1450 1721 additur:
1496 1676 1541 1722 εἴ
1566 1694 1610 1721 τι

208 1743 325 1801 κάγὼ
365 1747 441 1803 τῆς
468 1743 687 1802 Ῥωμαίων
716 1748 864 1805 φωνῆς
890 1744 1044 1799 ἐπαΐω,
1074 1742 1172 1794 τούς
1202 1745 1609 1804 προσαγορεύοντας

210 1808 581 1870 ἀντιδεξιούμενοι
619 1814 680 1873 τῷ
709 1816 787 1872 τῆς
813 1812 973 1870 ὑγιείας
1002 1812 1183 1869 ὀνόματι
1211 1810 1476 1871 ἆμείβεσθεε
1519 1830 1605 1873 quo

210 1882 307 1927 loco
337 1883 474 1927 verba
513 1882 558 1927 εἴ
583 1901 626 1928 τι
651 1880 766 1940 κᾶγώ
796 1899 861 1942 sq.
896 1899 995 1927 cum
1027 1883 1284 1941 gloriatione
1313 1884 1516 1943 quadam,
1561 1900 1609 1928 se

210 1951 402 2008 linguam
431 1952 609 1995 latinam
628 1951 742 1996 bene
762 1952 937 2007 callere,
970 1952 1140 2010 prolata
1160 1967 1266 2005 esse,
1299 1952 1488 1996 libenter
1508 1968 1607 1997 con·

211 2020 348 2075 cedet,
379 2023 643 2080 quicumque
672 2022 809 2065 libero
838 2021 1001 2079 judicio
1033 2037 1085 2065 ea
1105 2021 1350 2080 perlegerit.
1383 2049 1437 2055 —
1470 2023 1606 2067 Porro

208 2089 295 2133 huc
326 2089 554 2134 referimus
584 2090 655 2135 De
675 2091 786 2138 Hist.
807 2086 879 2147 21,
910 2090 987 2134 ubi
1013 2092 1195 2135 nomina
1221 2091 1439 2150 quaedam
1472 2092 1607 2136 latina

209 2166 531 2207 enumerantur.

327 2228 524 2287 Scriptor
564 2230 720 2288 aliquis
750 2229 910 2273 latinus
946 2245 1051 2273 num
1090 2245 1117 2273 a
1147 2231 1344 2275 Luciano
1374 2246 1607 2290 expressus

209 2299 280 2355 sit,
312 2298 388 2343 diu
417 2299 694 2358 multumque
727 2300 938 2359 quaesivi,
970 2314 1122 2343 verum
1154 2300 1325 2344 frustra.
1380 2300 1471 2344 Nec
1498 2300 1605 2344 mihi

207 2367 341 2412 fidem
387 2368 555 2412 faciunt
603 2383 669 2424 ea,
717 2384 831 2428 quae
859 2367 1066 2413 Jacobius
1108 2369 1136 2415 l.
1170 2385 1205 2415 c.
1252 2369 1309 2413 ad
1347 2370 1605 2414 sententiam

208 2452 333 2481 suam
361 2437 629 2481 fulciendam
649 2438 850 2496 protulit:
883 2453 997 2496 quae
1015 2438 1193 2496 quidem
1213 2440 1370 2493 omnia,
1405 2438 1604 2482 subtilius

209 2506 471 2563 examinata,
512 2506 643 2551 facile
671 2507 918 2551 concidunt.
979 2506 1148 2551 Vocem
1177 2510 1353 2566 πρᾶγμα
1381 2507 1492 2550 sicut
1511 2506 1605 2550 lati-

208 2591 366 2621 norum
385 2576 654 2622 vocabulum
685 2576 802 2636 quod
832 2582 898 2621 est
924 2578 1046 2633 „res“
1069 2592 1201 2636 saepe
1221 2576 1339 2636 apud
1358 2576 1604 2621 Lucianum
