1792 3125
870 128 928 174 44

196 270 338 314 paene
358 255 627 315 superfluum
659 256 762 301 addi
794 257 1017 302 affirmans
1043 255 1212 301 fallitur
1243 257 1372 302 homo
1407 256 1597 303 doctissi-

199 340 315 382 mus;
346 327 392 370 in
421 326 576 385 Cynic.
610 327 724 370 enim
748 342 783 371 c.
809 325 866 372 10
896 326 1130 385 πράγματα
1152 333 1334 386 apperte
1354 327 1599 373 tollendum

198 402 282 450 est3
312 396 357 439 in
379 395 495 441 Dial.
518 396 646 443 Mort.
666 396 700 439 1.
717 394 759 452 4,
793 396 869 440 ubi
888 399 1068 454 πρᾶγμα
1099 391 1599 460 et1127104235112junguntur⁹

197 466 258 509 ita
283 471 333 509 ut
361 466 542 523 πρᾶγμα
568 468 824 525 pauperiem
846 465 1024 519 indicet,
1052 466 1173 510 locus
1199 467 1275 525 qui
1305 466 1463 524 legitur
1481 468 1601 526 apud

196 533 406 593 Xenoph.
447 535 494 577 in
522 535 760 579 memorab.
790 535 851 582 ΙΙ.
883 534 923 590 7,
953 532 984 580 2
1022 549 1175 579 vocem
1206 534 1327 578 illam
1360 535 1476 580 bene
1506 542 1599 589 tue-

198 609 284 658 tun,
312 602 412 647 add.
444 603 580 662 Soph.
611 604 680 662 Aj.
701 602 801 650 314.
859 604 997 649 Porro
1029 606 1074 648 in
1106 604 1226 651 Dial.
1256 603 1383 652 Mort.
1410 605 1537 652 XXI.
1558 603 1600 653 2.

197 671 374 716 ΧΧΠΙ.
421 669 463 716 2.
541 672 644 731 Jup.
680 672 811 717 Conf.
846 672 872 718 7
919 673 1104 731 πρᾶγμα
1151 687 1251 716 cum
1297 673 1601 733 euphemismo

200 739 393 799 quodam
439 742 630 800 positum
678 748 744 786 est
787 758 868 801 pro
917 744 1122 799 „morte“‚
1167 742 1334 786 nedum
1363 743 1419 787 sit
1452 758 1601 801 super-

198 825 457 866 vacaneum,
487 817 537 854 ut
563 812 768 870 opinatur
784 811 1005 858 Jacobius.
1052 811 1145 855 Nec
1170 812 1309 869 magis
1334 817 1453 855 recte
1471 811 1601 855 homo

200 879 480 924 doctissimus
517 881 655 925 verba
684 881 908 925 Lucianea
942 896 1055 941 quae
1085 887 1236 926 extant
1266 882 1312 926 in
1339 881 1416 925 Bis
1444 880 1601 926 Accus.

198 947 256 994 29
295 950 457 994 καινῶν
486 950 525 993 δ’
557 949 731 1008 ὠρέχθη
769 950 1036 1007 πραγμάτων
1076 950 1343 1009 respondere
1381 950 1604 995 contendit

196 1019 460 1064 Latinorum
496 1034 734 1077 „novarum
775 1035 922 1064 rerum
962 1035 1058 1065 esse
1088 1019 1348 1079 cupidum“;
1387 1036 1604 1065 novarum

199 1091 317 1133 enim
347 1104 494 1132 rerum
527 1088 715 1147 cupidus
747 1089 907 1132 dicitur
935 1090 985 1144 is,
1021 1091 1096 1148 qui
1126 1104 1279 1133 eversa
1309 1090 1372 1132 rei
1402 1089 1604 1148 publicae

200 1158 448 1203 conditione
477 1173 639 1202 novam
671 1158 842 1216 imperii
862 1157 1046 1202 formam
1068 1158 1242 1203 efficere
1260 1158 1422 1214 studet3
1453 1164 1605 1204 contra

199 1230 252 1279 is,
303 1229 379 1286 qui
408 1227 527 1285 apud
557 1226 804 1270 Lucianum
834 1228 993 1271 καινῶν
1023 1225 1198 1287 ὠρέχθη
1230 1225 1511 1285 πράγματων,
1541 1228 1604 1271 nil

200 1297 322 1342 aliud
341 1297 512 1356 appetit
533 1296 620 1340 nisi
641 1293 859 1354 νεώτερόν
876 1312 931 1342 τι.
954 1324 1000 1328 -
1032 1296 1212 1341 Deinde
1238 1296 1447 1341 Jacobius
1468 1297 1605 1342 verba

201 1369 248 1411 in
278 1367 410 1413 Alex.
440 1364 497 1411 15
538 1362 748 1410 ἁπάντων
780 1361 885 1416 τούς
922 1364 1187 1423 ἐγκεφάλους
1225 1367 1296 1411 καὶ
1322 1363 1399 1416 τὰς
1427 1368 1605 1425 καρδίας

198 1440 568 1496 προεξῃρημένων
618 1435 886 1494 respondere
934 1436 1161 1480 contendit
1207 1435 1391 1481 vocibus
1440 1437 1602 1493 latinis,

200 1522 313 1567 quae
343 1512 445 1550 sunt
476 1505 759 1563 „cerebrum“
794 1511 837 1549 et
861 1505 1198 1563 „cerebrosus“:
1235 1506 1354 1565 quod
1384 1507 1603 1566 quomodo

200 1577 405 1622 excidere
459 1575 526 1618 illi
578 1576 795 1633 potuerit,
846 1576 1023 1619 omnino
1071 1590 1162 1618 non
1198 1575 1348 1619 video:
1402 1575 1605 1635 'quando-

201 1646 379 1707 quidem
408 1644 557 1688 Latini
606 1644 935 1701 „cerebrosum“
984 1644 1136 1689 dicunt
1173 1645 1395 1689 hominem
1434 1646 1605 1689 insania

200 1723 377 1775 captum
425 1714 674 1772 mentisque
718 1715 1002 1772 impotentem
1051 1713 1177 1768 (Hor.
1227 1713 1317 1757 Sat.
1365 1714 1401 1761 Ῑ.
1431 1712 1473 1770 5,
1507 1711 1603 1770 21);

199 1801 353 1830 rursus
406 1782 652 1841 ἄνθρωπος
694 1780 776 1827 τὸν
803 1781 1043 1840 ἐγκέφαλον
1073 1782 1336 1843 ἐξῃρημένος
1378 1783 1535 1828 festive
1578 1799 1605 1827 a

198 1855 397 1898 Luciano
431 1853 589 1896 dicitur
617 1853 746 1896 homo
780 1852 939 1911 aliquis
970 1853 1115 1896 fatuus
1145 1851 1380 1910 hebesque.
1417 1878 1470 1885 -
1500 1853 1605 1896 Bre-

199 1925 311 1967 viter
350 1924 486 1980 igitur
515 1929 564 1966 ut
591 1937 682 1965 rem
714 1921 970 1980 amplectar:
1016 1922 1258 1966 rectissime
1288 1921 1396 1964 mihi
1427 1921 1603 1966 videtur

193 1993 418 2053 judicasse
446 1992 519 2036 Fr.
550 1992 603 2035 A.
633 1991 821 2036 Wolfius
852 1991 909 2035 ad
940 1991 1048 2037 Hor.
1081 1992 1171 2037 Sat.
1203 1991 1237 2038 Ι.
1271 1989 1311 2047 1,
1342 1988 1400 2037 15
1439 1991 1603 2046 (Berol.

199 2059 357 2117 1813),
407 2067 576 2106 tantum
609 2060 781 2115 abesse,
828 2066 877 2104 ut
921 2060 1120 2105 homines
1165 2060 1280 2105 docti
1319 2061 1478 2106 Graeci
1524 2060 1602 2104 illa

201 2139 342 2177 aetate
390 2132 596 2176 florentes
655 2131 811 2174 imitati
858 2131 944 2174 sint
983 2131 1219 2184 Romanos,
1266 2137 1314 2174 ut
1359 2145 1415 2173 ne
1443 2130 1604 2187 legisse

200 2202 378 2261 quidem
411 2201 660 2260 frequenter
691 2199 924 2244 videantur
939 2202 984 2256 ¹).

296 2353 331 2400 1)
369 2352 547 2388 Similiter
583 2351 628 2387 de
659 2352 813 2387 Libanio
843 2352 989 2397 ejusque
1021 2353 1232 2399 aequalibus
1263 2352 1499 2398 judicandum
1528 2363 1604 2388 esse

199 2413 293 2449 vidit
317 2414 461 2448 Sievers
484 2414 523 2448 in
548 2412 673 2447 libello
701 2412 799 2455 „Das
825 2411 946 2447 Leben
975 2412 1038 2447 des
1061 2413 1166 2448 Lib.“
1194 2425 1228 2457 p.
1258 2415 1313 2448 12.
