1792 3125
885 131 943 180 38

204 268 385 323 propter
413 262 734 322 pantomimum
764 262 988 308 Lucianus
1018 262 1218 308 ποικίλον
1257 278 1301 306 τι
1339 261 1420 320 nal!
1445 276 1614 322 παναρ-

205 331 369 389 μόνιον
398 333 469 376 καὶ
499 331 789 387 πολύμουσον
822 333 948 376 dicit:
990 347 1026 375 c.
1057 330 1096 377 7.
1130 328 1200 376 68.
1232 329 1300 376 72.
1360 330 1431 375 Ab
1458 330 1615 375 eodem

205 401 317 446 haec
352 416 523 459 organa
552 408 876 447 memorantur:
921 402 1030 446 tibia
1062 398 1119 464 (c.
1151 397 1193 447 2.
1220 398 1291 448 63.
1325 398 1395 446 68.
1425 398 1494 446 72.
1525 398 1615 459 83),

207 471 376 515 cithara
407 475 460 525 (c.
492 468 590 527 26),
638 472 793 530 syrinx
824 467 911 526 (63.
943 467 1041 527 68),
1079 469 1330 529 cymbalum
1358 466 1445 526 (68.
1477 466 1549 524 72)
1571 473 1616 541 1).

325 567 614 621 Argumenta,
646 564 805 623 quibus
838 565 1205 622 pantomimorum
1235 563 1467 620 scriptores
1488 569 1615 607 utun-

208 639 292 690 tur,
343 639 387 677 et
428 648 487 678 ex
519 631 683 677 fabulis
722 633 906 677 vetustis
938 639 982 677 et
1018 647 1076 676 ex
1105 631 1289 677 historia
1319 630 1490 676 desumi
1518 647 1617 692 pos-

210 710 326 759 sunt,
359 702 598 747 dummodo
628 703 865 761 μιμητικὸν
890 719 933 746 τι
962 702 1164 748 habeant.
1227 701 1375 756 Quare
1408 703 1455 744 in
1488 717 1617 759 argu—

209 773 367 817 mentis
416 771 521 816 inde
566 786 593 814 a
640 785 677 815 c.
710 768 768 816 37
799 771 1081 816 recensendis
1111 771 1338 815 Lucianus
1371 771 1536 830 pariter
1554 786 1619 815 -ea

210 848 441 897 memorat,
489 856 604 899 quae
635 840 718 884 soli
748 841 1015 896 comoediae,
1062 855 1194 899 quam
1224 855 1336 898 quae
1364 840 1619 897 tragoediae

211 909 416 954 videnter
461 909 772 953 convenientia
817 924 925 953 esse.
1002 910 1095 954 Nec
1141 915 1289 952 tamen
1318 908 1434 952 ultra
1467 908 1619 956 finitae

211 978 385 1023 liberae
413 979 478 1022 rei
507 977 715 1036 publicae
745 983 943 1036 tempora
973 985 1126 1037 poetas
1164 978 1209 1020 in
1240 977 1456 1035 eligendis
1492 993 1619 1035 argu-

211 1041 372 1091 mentis
402 1047 646 1106 procesisse
677 1046 865 1091 ostendit
895 1062 933 1090 c.
954 1044 1033 1092 37:
1065 1048 1188 1107 cujus
1217 1048 1281 1089 rei
1311 1061 1466 1090 caussa
1494 1047 1541 1089 in
1566 1061 1617 1090 eo

213 1117 359 1175 posita
389 1116 575 1172 videtur,
607 1116 727 1174 quod
757 1117 1070 1174 imperatorum
1094 1117 1394 1161 Romanorum
1423 1115 1514 1160 fata
1532 1115 1619 1159 fac-

213 1191 346 1244 taque
376 1200 465 1229 non
498 1191 702 1243 poterant
730 1186 899 1242 attingi,
930 1187 1015 1229 nisi
1046 1200 1146 1229 cum
1180 1186 1303 1228 exitii
1333 1184 1541 1244 periculo

334 1277 489 1336 Itaque
531 1291 632 1321 cum
678 1278 937 1335 pantomimi
959 1278 1326 1337 jucundissimam
1355 1285 1445 1321 tam
1476 1277 1620 1321 oculo·

212 1360 310 1390 rum
333 1361 466 1405 quam
487 1347 661 1390 aurium
682 1345 1023 1391 oblectationem
1044 1347 1317 1406 praeberent,
1339 1362 1429 1391 non
1448 1346 1619 1403 mirum,

217 1415 336 1474 quod
382 1415 460 1459 illo
502 1422 698 1473 tempore
746 1416 947 1460 omnibus
993 1419 1170 1460 summis
1214 1418 1261 1459 in
1289 1416 1460 1460 deliciis
1496 1423 1621 1459 erant

213 1482 467 1543 magnoque
513 1484 657 1528 studio
704 1484 1028 1543 spectabantur.
1083 1485 1308 1529 Interdum
1339 1489 1618 1543 spectatores,

213 1569 308 1598 rem
352 1553 547 1613 aliquam
593 1555 972 1599 commiseratione
1022 1555 1202 1612 dignam
1246 1555 1293 1598 in
1332 1553 1502 1598 theatro
1548 1553 1621 1597 ad-

217 1623 463 1681 spicientes,
514 1623 675 1667 effusos
717 1637 813 1667 esse
852 1624 897 1666 in
934 1623 1137 1668 lacrimas
1166 1622 1364 1667 videmus
1395 1637 1452 1667 ex
1482 1637 1518 1669 c.
1551 1619 1621 1667 79.

216 1691 381 1736 Contra
423 1692 543 1738 haud
592 1707 692 1736 raro
738 1693 916 1737 eosdem
965 1694 1011 1736 in
1041 1693 1238 1738 diversas
1268 1699 1413 1751 partes
1444 1693 1619 1747 abiisse,

216 1760 321 1804 aliis
363 1761 483 1806 hunc
525 1762 622 1806 aliis
667 1761 795 1806 illum
829 1761 1082 1807 saltatorem
1112 1761 1475 1821 praeferentibus,
1518 1763 1621 1806 satis

215 1829 408 1875 dilucide
437 1838 651 1877 monstrat
680 1846 718 1875 c.
747 1829 820 1888 84,
868 1847 956 1890 quo
987 1832 1084 1877 loco
1114 1831 1375 1876 vocabulum
1409 1830 1526 1891 quod
1559 1836 1622 1875 est

218 1902 456 1946 στασιῶται
501 1901 739 1961 respondet
780 1901 1173 1959 Francogallorum
1220 1901 1522 1960 „claqueurs“.
1564 1926 1621 1932 —

216 1969 311 2014 Nec
341 1975 510 2015 tantum
543 1972 590 2015 in
619 1971 743 2026 urbe,
792 1986 947 2015 verum
989 1973 1121 2015 etiam
1152 1971 1199 2014 in
1225 1970 1356 2014 Jonia
1382 1975 1436 2025 (c.
1458 1968 1546 2026 79),
1576 1971 1620 2013 in

215 2038 359 2083 Ponto
406 2037 525 2103 (ib.)‚
572 2041 835 2085 Antiochiae
880 2041 936 2100 (c.
984 2038 1056 2095 76)
1099 2041 1355 2099 pantomimi
1400 2039 1619 2099 placuere.

217 2108 345 2153 Multi
391 2111 474 2154 viri
517 2111 650 2167 docti,
694 2116 744 2155 ut
791 2111 923 2169 hujus
967 2111 1073 2154 artis
1114 2111 1327 2168 originem
1359 2116 1491 2169 atque
1522 2125 1620 2167 pro·

217 2192 396 2236 gressus
443 2178 579 2224 literis
622 2180 897 2236 mandarent,
947 2195 1115 2225 summo
1162 2195 1295 2240 opere
1339 2179 1620 2224 studuerunt:

218 2262 255 2290 c.
290 2244 364 2293 33.

336 2341 419 2385 His
452 2342 665 2400 expositis
697 2340 888 2387 breviter
918 2355 1204 2401 quaeramus,
1248 2356 1356 2386 num
1386 2356 1438 2386 ea
1471 2354 1621 2385 secun-

219 2411 325 2453 dum
357 2425 503 2454 rerum
536 2411 761 2455 veritatem
800 2427 827 2456 a
856 2410 1049 2455 Luciano
1081 2410 1219 2455 relata
1249 2425 1346 2455 esse
1376 2411 1619 2455 videantur.

314 2553 350 2596 1)
374 2550 472 2597 Lyra
485 2562 542 2587 >ex
567 2552 636 2588 Ov.
662 2551 806 2587 Eumeda
829 2552 910 2587 Am.
937 2552 1005 2588 758
1030 2551 1114 2587 addi
1136 2553 1267 2597 potest.
