1792 3125
856 197 911 244 41

194 324 338 370 schius
383 325 662 383 sagacissime
708 326 961 371 observavit
1001 326 1203 386 idemque
1235 327 1312 372 illa
1343 328 1502 373 verbea
1531 329 1586 373 de

193 394 369 437 Baccho
400 393 467 437 bis
493 399 597 438 nato
625 394 744 438 dicta
773 410 869 439 esse
899 395 1021 440 vidit.

311 462 512 510 Calumn.
542 458 601 508 20
630 462 772 513 οὐδεὶς
799 460 911 509 οὕτω
942 464 1142 520 γεννάδας
1179 464 1273 510 ἐστι
1300 466 1372 509 καὶ
1400 463 1588 522 ἀδαμάν-

193 547 313 577 τινον
352 538 491 587 τεῖχος
529 534 608 593 τῇς
644 535 788 592 ψυχῆς
826 534 1189 593 προβεβλημένος.
1260 534 1331 578 De
1361 549 1472 578 voce
1500 549 1588 591 γεν-

193 599 328 652 νάδας
355 602 409 648 cf.
435 618 478 660 p.
505 599 576 648 27.
640 608 792 657 Τεῖχος
822 599 955 659 ἄδαμ,
982 608 1114 661 προβ.
1146 604 1208 647 ita
1238 611 1508 662 usurpatum,
1540 611 1589 648 ut

195 669 356 715 indicet
386 671 611 716 hominem
637 672 796 716 durum
826 687 879 716 ac
908 672 1112 727 ferreum5
1153 671 1344 716 colorem
1370 673 1587 731 poeticum

195 738 328 783 refert
341 741 390 796 ¹).

313 808 437 855 Asin.
457 805 538 853 33:
570 802 727 867 ἐπειδὴ
748 806 829 867 γὰρ
856 808 917 858 εἷς
936 805 1204 867 ἀνθρώπους
1229 807 1315 868 ἔρῳ
1336 809 1408 852 καὶ
1429 808 1590 868 οἴστρῳ

196 881 376 936 φέρεται
405 911 416 923 .
449 913 460 926 .
518 877 709 923 Verbum
754 877 852 937 ἔρος
896 895 977 938 pro
1024 878 1146 937 ἔρως,
1193 878 1312 923 unde
1359 878 1449 926 dat.
1490 877 1588 937 ἔρῳ,

196 947 314 1005 apud
345 947 460 992 solos
491 954 645 1006 poetas
676 947 858 1004 legitur:
893 948 948 994 ef.
979 949 1144 1005 Krueg.
1172 948 1296 1006 Synt.
1317 948 1439 994 Dial.
1469 946 1502 1008 ξ
1519 945 1591 992 21.

195 1016 437 1061 Buttmann
467 1016 591 1064 Ausf.
624 1016 822 1076 Sprachl.
856 1016 889 1078 ξ
917 1015 976 1064 56
1006 1024 1092 1063 not.
1124 1015 1164 1066 9.
1197 1016 1229 1079 ξ
1256 1015 1315 1064 58
1345 1034 1378 1065 s.
1407 1034 1450 1062 v.
1480 1017 1591 1076 ἔρος.

195 1086 289 1130 Nec
320 1087 460 1131 minus
490 1087 709 1145 poeticum
737 1092 801 1131 est
830 1087 1093 1131 vocabulum
1120 1083 1304 1146 οἶστρος,
1335 1087 1495 1131 amoris
1525 1101 1590 1130 ar-

198 1154 499 1199 dentissimum
530 1156 722 1200 furorem
757 1157 1009 1214 significans
1024 1160 1071 1213 2).
1132 1157 1279 1212 Quare
1308 1172 1485 1201 versum
1515 1156 1590 1199 ali-

198 1238 328 1283 quem
375 1226 575 1284 scriptori
614 1232 715 1270 ante
755 1226 903 1270 oculos
934 1232 1152 1270 versatum
1186 1241 1282 1271 esse
1315 1225 1589 1270 crediderim.

313 1294 466 1354 Symp.
496 1292 548 1339 3:
601 1297 715 1351 μισῶ
744 1295 845 1352 γάρ,
892 1296 1001 1354 φησὶ
1038 1296 1110 1339 καὶ
1144 1294 1168 1338 ὅ
1198 1293 1425 1354 ποιητικὸς
1452 1292 1592 1350 λόγος,

195 1361 398 1420 μνάμονα
426 1364 666 1421 συμπόταν.
729 1365 827 1409 Hoc
850 1364 1054 1424 equidem
1075 1365 1290 1409 existumo
1310 1364 1591 1424 proverbium

198 1448 307 1490 esse,
356 1449 383 1478 a
430 1441 561 1493 poeta
604 1440 750 1479 tamen
794 1434 941 1494 aliquo
986 1440 1139 1493 postea
1183 1450 1313 1479 versu
1357 1434 1590 1489 inclusum,

198 1504 566 1562 quemadmodum
611 1504 658 1548 in
701 1504 945 1563 proverbiis
994 1519 1124 1562 saepe
1155 1504 1204 1548 fit
1219 1507 1267 1558 ³).
1339 1505 1409 1548 De
1437 1509 1592 1562 poetae

196 1574 372 1617 nomine
417 1575 598 1617 minime
644 1579 833 1618 constat:
883 1574 937 1617 cf.
967 1573 1120 1631 Bergk
1150 1574 1254 1633 Lyr.
1283 1573 1359 1617 Gr.
1390 1589 1433 1631 p.
1464 1570 1591 1617 1074.

196 1642 426 1686 Fritzschii
455 1644 567 1699 μισῶ
608 1643 653 1686 in
686 1646 823 1699 μισέω
857 1643 1114 1701 corrigentis
1146 1643 1326 1687 nimiam
1346 1642 1593 1687 libertatem

198 1727 287 1755 non
307 1712 469 1769 probo:
503 1727 633 1770 saepe
664 1713 780 1755 enim
811 1727 867 1755 ne
896 1712 1038 1756 studet
1068 1712 1242 1770 quidem
1263 1712 1487 1756 Lucianus
1517 1711 1594 1755 tali

198 1781 242 1824 in
275 1795 323 1824 re
354 1781 574 1839 integrum
603 1780 797 1840 proferre
824 1795 1010 1827 versum.

313 1850 493 1897 Hercul.
523 1851 549 1895 1
580 1851 744 1907 μᾶλλον
783 1850 834 1894 δὲ
868 1849 1061 1907 Χάρωνα
1095 1846 1122 1908 ἢ
1150 1845 1348 1895 Ἰαπετόν
1379 1864 1477 1894 τινα
1509 1848 1595 1892 τῶν

197 1919 528 1979 ὑποταρταρίων
561 1953 571 1964 .
603 1954 612 1964 .
647 1915 757 1964 εἶναι
785 1915 839 1964 ἄν
873 1919 1094 1969 εἰκάσειας.
1155 1919 1321 1963 Vocem
1354 1917 1595 1976 ὑποταρτα-

199 1993 303 2048 ρίων
348 1996 576 2049 poetarum
619 2005 715 2034 esse
763 1996 901 2048 patet;
949 2005 1080 2048 quem
1119 1996 1266 2033 tamen
1307 1989 1488 2033 Homeri
1520 1994 1596 2031 aut

198 2060 392 2105 Hesiodo
426 2075 600 2105 versum
628 2059 850 2103 Lueianus
880 2059 1134 2118 respexerit,
1166 2060 1434 2117 ignoramus⁴

316 2130 513 2174 Calumn.
543 2126 591 2173 3:
655 2127 756 2173 ἕαδε
800 2129 969 2187 μηνίειν
1009 2129 1080 2172 καὶ
1119 2129 1225 2187 βοῆς
1265 2126 1513 2184 ἐνεπίμπλα
1542 2126 1596 2170 τὰ

198 2199 405 2256 βασίλεια.
461 2197 561 2243 Jam
595 2198 794 2257 Guyetus
825 2198 936 2242 haec
965 2199 1181 2257 poeticum
1212 2197 1403 2260 calorem
1433 2197 1597 2256 spirare

200 2268 319 2314 vidit.
375 2268 554 2312 Minime
581 2268 820 2327 probamus
857 2268 1140 2312 mutationem
1169 2283 1196 2312 a
1216 2267 1509 2312 Valckenario
1551 2267 1596 2309 in

298 2446 333 2490 1)
358 2446 411 2479 cf.
436 2444 544 2479 Ennii
568 2443 731 2488 „lapideo
756 2443 863 2478 corde
890 2446 975 2477 sunt
997 2444 1136 2478 multi.“

295 2505 333 2547 2)
360 2503 478 2538 Simili
514 2502 619 2537 modo
656 2502 749 2536 Plat.
784 2502 871 2546 Rep.
896 2502 960 2536 IX.
986 2502 1089 2539 577⁰.
1126 2501 1277 2536 Phaedr.
1305 2499 1410 2543 240⁶,
1447 2499 1510 2534 ubi
1545 2499 1597 2533 sic

203 2556 696 2666 ⁰²⁰⁷{3⁴‹2¹5‘³‹³2‘·¹15'0⁹⁰2‘²}⁶
710 2563 1168 2663 52”‡„35”;⁹02‘;23⁰·G„0r2
1205 2616 1255 2650 ιν
1295 2616 1361 2651 1⁷6

400 2645 409 2656 .
464 2633 477 2655 1
499 2645 509 2658 .
567 2630 608 2655 ra
627 2644 635 2656 .
1010 2643 1020 2655 .
1170 2639 1180 2651 .
1257 2638 1266 2650 .
1364 2639 1372 2650 .
