1792 3125
902 139 962 188 22

228 268 457 327 Euripidis
486 282 587 312 cum
610 268 832 327 Aeschylo
865 276 1115 330 susceptum
1133 269 1332 314 Luciano
1352 275 1457 315 ante
1482 271 1632 318 oculos

229 339 510 383 observatum
541 339 610 384 sit.
671 336 839 383 Eadem
868 355 938 384 res
969 356 996 384 a
1013 340 1213 384 Luciano
1240 340 1288 383 in
1307 339 1484 397 Dialog.
1503 339 1630 389 Mort.

229 407 320 452 XII
350 407 479 451 latius
513 413 728 453 narratur.

346 475 523 521 Deinde
553 477 598 520 in
627 476 735 523 Luc.
763 476 1098 536 Icaromenippo
1126 477 1345 536 permulta
1374 478 1633 535 investigari

230 551 429 604 possunt,
476 561 590 604 quae
636 561 693 590 ex
739 546 1028 605 Arisophanis
1072 546 1189 590 Pace
1234 547 1421 606 scriptor
1463 548 1630 595 ascivit.

233 614 464 673 Trygaeus
494 615 627 672 igitur
656 615 714 659 ad
730 615 888 660 Jovem
917 616 1215 673 proficiscitur,
1244 612 1305 667 ut,
1339 615 1445 675 quid
1471 614 1548 659 ille
1577 616 1633 660 de

232 683 413 728 Graecis
447 685 732 741 constituerit,
779 684 979 743 exploret
1008 685 1121 738 (Pax
1154 682 1423 739 104—106):
1462 685 1631 743 Menip-

232 767 316 811 pus
349 753 407 796 ad
440 753 556 797 idem
585 754 667 797 iter
692 753 893 798 mirabile
924 768 971 797 se
996 754 1200 811 accingit,
1231 759 1292 811 ut,
1324 754 1429 813 quid
1454 753 1509 798 de
1535 753 1631 813 phi-

231 822 517 880 losophorum
537 823 707 880 placitis
732 825 788 866 sit
801 822 1106 882 judicandum,
1138 838 1195 866 ex
1223 824 1317 881 ipso
1337 823 1450 867 Jove
1469 822 1632 869 audiat.

233 890 435 948 Cumque
463 890 656 949 Trygaei
685 891 776 935 filia
794 896 961 950 patrem
981 892 1232 949 interroget,
1261 906 1348 951 qua
1367 891 1634 936 confidentia

232 960 279 1003 in
327 959 498 1005 caelum
531 961 768 1006 scarabaeo
811 961 914 1005 vehi
955 960 1127 1014 audeat,
1173 960 1408 1020 respondet
1439 959 1516 1005 ille
1558 960 1632 1015 (cf.

232 1044 274 1074 v.
307 1025 407 1073 129.
434 1026 560 1089 130):

465 1098 513 1145 ἔν
541 1105 684 1146 τοῖσιν
711 1097 934 1146 Ἀισώπου
965 1098 1107 1156 λόγοις
1138 1097 1353 1157 ἐξευρέθη

467 1169 606 1226 μόνος
632 1171 845 1216 πετεινῶν
877 1169 937 1221 εἷς
966 1164 1099 1219 θεοὺς
1128 1165 1381 1227 ἅφιγμὲνοςι

234 1238 494 1296 quibuscum
508 1241 610 1299 jure
633 1241 759 1284 nobis
779 1240 980 1283 videmur
1001 1239 1199 1283 conferre
1217 1237 1327 1284 Luc.
1348 1238 1534 1283 Icarom.
1555 1237 1633 1285 lO:

234 1305 394 1352 τούτου
430 1306 480 1352 δὲ
515 1325 594 1365 μοι
633 1314 816 1367 παρεῖχε
854 1307 933 1370 τὴν
963 1307 1124 1354 ἐλπίδα
1150 1306 1339 1365 μάλιστα
1367 1308 1449 1364 μὲν
1480 1306 1509 1368 ἡ
1538 1306 1633 1353 ἔπι-

234 1379 388 1432 θυμία,
428 1375 581 1422 ἔπειτα
613 1378 663 1422 δὲ
701 1379 772 1422 καὶ
815 1376 841 1421 ὅ
868 1376 1103 1434 λογοποιὸς
1134 1374 1354 1425 ’Ἀισωπος
1385 1373 1529 1426 ἀετοῖς
1564 1379 1636 1421 καὶ

234 1444 496 1503 κανθάροις,
541 1444 682 1492 ἐνίοτε
721 1447 792 1492 καὶ
820 1445 1025 1507 καμήλοις
1053 1444 1243 1504 βάσιμον
1270 1441 1527 1504 ἄποφαύνων
1555 1441 1636 1491 τὸν

236 1509 436 1572 οὐρανόν,
497 1516 708 1575 Uterque,
737 1517 814 1560 ubi
846 1518 892 1560 in
925 1518 1070 1575 ipsum
1103 1515 1272 1560 caelum
1301 1520 1546 1574 penetrant,
1589 1516 1636 1559 in

235 1583 500 1628 Mercurium
533 1585 747 1638 incidunt,
795 1587 866 1629 cui
903 1591 1126 1644 portarum
1156 1599 1262 1628 cura
1293 1585 1526 1629 commissa
1551 1591 1635 1630 est:

236 1653 422 1699 Icarom.
455 1650 527 1700 22.
587 1654 684 1697 Pax
714 1651 801 1699 180
829 1670 894 1713 sq.

352 1722 406 1765 In
447 1723 670 1782 Aristoph.
710 1724 795 1768 Av.
840 1724 1134 1767 Pisthetaerus
1182 1722 1298 1767 falso>
1343 1721 1637 1780 chresmologi

237 1791 429 1848 oraculo,
478 1793 599 1851 quod
628 1792 703 1837 ille
746 1807 773 1837 a
804 1793 970 1837 Bacide
994 1791 1240 1851 profectum
1271 1806 1367 1836 esse
1400 1791 1637 1848 contendit,

237 1860 422 1905 alterum
443 1863 610 1919 pariter
628 1862 779 1906 fictum
800 1863 927 1920 quasi
951 1860 1177 1920 parodiam
1200 1861 1423 1920 quandam
1438 1863 1469 1914 ¹)
1493 1862 1638 1905 statim

237 1931 440 1988 opponit:
481 1931 529 1975 cf
568 1947 610 1977 v,
643 1928 890 1984 970—985,
929 1930 1032 1978 add.
1061 1930 1175 1989 Equ.
1204 1927 1291 1975 997
1320 1945 1385 1989 sq.
1444 1929 1544 1974 Hoc
1576 1930 1639 1973 in-

236 2005 416 2043 ventum
446 2000 667 2044 Lucianus
697 2001 927 2059 usurpavit
967 2001 1012 2043 in
1041 1999 1218 2057 Peregr.
1246 1998 1363 2045 Prot.
1397 2014 1433 2045 c.
1458 1995 1531 2043 29.
1557 1996 1637 2044 30:

238 2084 325 2127 quo
375 2069 474 2114 loco
514 2076 747 2129 postquam
783 2069 980 2129 Sibyllae
1020 2067 1260 2124 oraculum,
1306 2067 1362 2112 de
1398 2068 1638 2126 Peregrino

238 2138 421 2183 colendo
454 2139 633 2195 editum,
663 2147 729 2184 est
759 2141 1002 2191 recitatum,
1032 2152 1293 2196 responsum
1320 2137 1538 2197 profertur
1556 2138 1640 2181 Ba-

239 2207 362 2263 cidis,
410 2209 486 2266 qui
526 2214 697 2252 tantum
739 2209 861 2253 abest
902 2214 951 2253 ut
986 2208 1179 2251 Graecos
1214 2207 1371 2266 jubeat
1400 2208 1446 2250 in
1474 2207 1641 2251 honore

237 2276 399 2321 habere
447 2278 650 2335 cynicum
692 2278 831 2334 illum,
873 2283 921 2321 ut
967 2276 1194 2336 lapidibus
1233 2291 1335 2321 eum
1365 2276 1640 2321 obruendum

239 2353 427 2391 censeat.

335 2501 368 2545 1)
405 2500 458 2535 of.
487 2497 620 2534 Moseri
654 2497 850 2534 comment.
888 2498 933 2533 de
969 2497 1130 2544 pax-odiis
1164 2498 1315 2533 Graecis
1353 2508 1398 2533 ex
1423 2497 1533 2532 Arist.
1557 2496 1641 2531 Plu-

238 2558 363 2595 tarcho
391 2558 477 2596 Luc.
507 2556 687 2601 excerptis
711 2568 748 2602 p.
778 2558 833 2592 13.
