<?xml version="1.0" encoding="UTF-8"?>
<!DOCTYPE html PUBLIC "-//W3C//DTD XHTML 1.0 Transitional//EN"
    "http://www.w3.org/TR/xhtml1/DTD/xhtml1-transitional.dtd">
<html xmlns="http://www.w3.org/1999/xhtml" xml:lang="en" lang="en">
 <head>
  <title>
</title>
<meta http-equiv="Content-Type" content="text/html;charset=utf-8" />
  <meta name='ocr-system' content='tesseract 3.04.00' />
  <meta name='ocr-capabilities' content='ocr_page ocr_carea ocr_par ocr_line ocrx_word'/>
</head>
<body>
  <div class='ocr_page' id='page_1' title='image "4737215_0039.png"; bbox 0 0 1792 3125; ppageno 0'>
   <div class='ocr_carea' id='block_1_1' title="bbox 862 179 935 227">
    <p class='ocr_par' dir='ltr' id='par_1_1' title="bbox 862 179 935 227">
     <span class='ocr_line' id='line_1_1' title="bbox 862 179 935 227; baseline 0.055 -4"><span class='ocrx_word' id='word_1_1' title='bbox 862 179 935 227; x_wconf 65' lang='lat'><strong>3133</strong></span> 
     </span>
    </p>
   </div>
   <div class='ocr_carea' id='block_1_2' title="bbox 205 306 1618 1961">
    <p class='ocr_par' dir='ltr' id='par_1_2' title="bbox 205 306 1609 714">
     <span class='ocr_line' id='line_1_2' title="bbox 205 306 1604 368; baseline -0.003 -13"><span class='ocrx_word' id='word_1_2' title='bbox 205 308 456 356; x_wconf 86' lang='lat' dir='ltr'><strong>Lucianum</strong></span> <span class='ocrx_word' id='word_1_3' title='bbox 502 310 550 354; x_wconf 92' lang='lat' dir='ltr'><strong>in</strong></span> <span class='ocrx_word' id='word_1_4' title='bbox 594 308 714 355; x_wconf 84' lang='lat' dir='ltr'><strong>Dial.</strong></span> <span class='ocrx_word' id='word_1_5' title='bbox 743 307 873 357; x_wconf 88' lang='lat' dir='ltr'>XIII.</span> <span class='ocrx_word' id='word_1_6' title='bbox 901 307 928 352; x_wconf 94' lang='lat'>1</span> <span class='ocrx_word' id='word_1_7' title='bbox 961 322 1026 368; x_wconf 87' lang='lat' dir='ltr'><strong>sq.</strong></span> <span class='ocrx_word' id='word_1_8' title='bbox 1071 322 1119 354; x_wconf 87' lang='lat' dir='ltr'><strong>se</strong></span> <span class='ocrx_word' id='word_1_9' title='bbox 1158 312 1323 364; x_wconf 83' lang='lat' dir='ltr'><strong>narrat,</strong></span> <span class='ocrx_word' id='word_1_10' title='bbox 1367 306 1604 352; x_wconf 84' lang='lat' dir='ltr'><strong>fortissimo</strong></span> 
     </span>
     <span class='ocr_line' id='line_1_3' title="bbox 206 375 1607 437; baseline -0.001 -15"><span class='ocrx_word' id='word_1_11' title='bbox 206 378 398 424; x_wconf 88' lang='lat' dir='ltr'><strong>hostium</strong></span> <span class='ocrx_word' id='word_1_12' title='bbox 428 378 541 423; x_wconf 89' lang='lat' dir='ltr'><strong>duce</strong></span> <span class='ocrx_word' id='word_1_13' title='bbox 572 382 792 437; x_wconf 83' lang='lat' dir='ltr'><strong>superato,</strong></span> <span class='ocrx_word' id='word_1_14' title='bbox 833 382 969 421; x_wconf 90' lang='lat' dir='ltr'><strong>totam</strong></span> <span class='ocrx_word' id='word_1_15' title='bbox 1011 377 1153 422; x_wconf 81' lang='lat' dir='ltr'><strong>aciem</strong></span> <span class='ocrx_word' id='word_1_16' title='bbox 1198 377 1246 420; x_wconf 90' lang='lat' dir='ltr'><strong>in</strong></span> <span class='ocrx_word' id='word_1_17' title='bbox 1277 381 1446 421; x_wconf 79' lang='lat' dir='ltr'><strong>tantam</strong></span> <span class='ocrx_word' id='word_1_18' title='bbox 1472 375 1607 435; x_wconf 90' lang='lat' dir='ltr'><strong>trepi-</strong></span> 
     </span>
     <span class='ocr_line' id='line_1_4' title="bbox 208 444 1608 507; baseline -0.003 -14"><span class='ocrx_word' id='word_1_19' title='bbox 208 448 429 493; x_wconf 82' lang='lat' dir='ltr'><strong>dationem</strong></span> <span class='ocrx_word' id='word_1_20' title='bbox 461 448 715 507; x_wconf 87' lang='lat' dir='ltr'><strong>conjecisse,</strong></span> <span class='ocrx_word' id='word_1_21' title='bbox 759 451 807 489; x_wconf 90' lang='lat' dir='ltr'><strong>ut</strong></span> <span class='ocrx_word' id='word_1_22' title='bbox 851 452 977 505; x_wconf 86' lang='lat' dir='ltr'><strong>terga</strong></span> <span class='ocrx_word' id='word_1_23' title='bbox 1021 461 1173 491; x_wconf 86' lang='lat' dir='ltr'><strong>omnes</strong></span> <span class='ocrx_word' id='word_1_24' title='bbox 1204 452 1423 491; x_wconf 86' lang='lat' dir='ltr'><strong>verterent</strong></span> <span class='ocrx_word' id='word_1_25' title='bbox 1437 448 1482 501; x_wconf 88' lang='grc'><strong>1).</strong></span> <span class='ocrx_word' id='word_1_26' title='bbox 1542 444 1608 490; x_wconf 90' lang='lat' dir='ltr'><strong>Si-</strong></span> 
     </span>
     <span class='ocr_line' id='line_1_5' title="bbox 208 515 1607 573; baseline -0.002 -11"><span class='ocrx_word' id='word_1_27' title='bbox 208 517 328 562; x_wconf 92' lang='lat' dir='ltr'><strong>milia</strong></span> <span class='ocrx_word' id='word_1_28' title='bbox 355 533 445 561; x_wconf 93' lang='lat' dir='ltr'><strong>non</strong></span> <span class='ocrx_word' id='word_1_29' title='bbox 480 516 616 561; x_wconf 90' lang='lat' dir='ltr'><strong>semel</strong></span> <span class='ocrx_word' id='word_1_30' title='bbox 645 516 692 559; x_wconf 88' lang='lat' dir='ltr'><strong>in</strong></span> <span class='ocrx_word' id='word_1_31' title='bbox 725 515 952 560; x_wconf 76' lang='lat' dir='ltr'><strong>comoedia</strong></span> <span class='ocrx_word' id='word_1_32' title='bbox 981 531 1098 561; x_wconf 87' lang='lat' dir='ltr'><strong>nova</strong></span> <span class='ocrx_word' id='word_1_33' title='bbox 1126 515 1343 573; x_wconf 88' lang='lat' dir='ltr'><strong>leguntur,</strong></span> <span class='ocrx_word' id='word_1_34' title='bbox 1384 515 1438 563; x_wconf 79' lang='lat' dir='ltr'><strong>uf.</strong></span> <span class='ocrx_word' id='word_1_35' title='bbox 1468 515 1607 559; x_wconf 89' lang='lat' dir='ltr'><strong>Phoe-</strong></span> 
     </span>
     <span class='ocr_line' id='line_1_6' title="bbox 208 582 1609 643; baseline -0.001 -13"><span class='ocrx_word' id='word_1_36' title='bbox 208 582 367 630; x_wconf 83' lang='lat' dir='ltr'><strong>nicidis</strong></span> <span class='ocrx_word' id='word_1_37' title='bbox 406 586 703 643; x_wconf 80' lang='lat' dir='ltr'><strong>fragmentum</strong></span> <span class='ocrx_word' id='word_1_38' title='bbox 738 585 891 643; x_wconf 78' lang='lat' dir='ltr'><strong>(Mein.</strong></span> <span class='ocrx_word' id='word_1_39' title='bbox 923 585 1002 630; x_wconf 87' lang='lat' dir='ltr'><strong>IV.</strong></span> <span class='ocrx_word' id='word_1_40' title='bbox 1041 601 1083 643; x_wconf 87' lang='lat' dir='ltr'><strong>p.</strong></span> <span class='ocrx_word' id='word_1_41' title='bbox 1122 582 1240 640; x_wconf 85' lang='lat'><strong>511),</strong></span> <span class='ocrx_word' id='word_1_42' title='bbox 1286 584 1362 627; x_wconf 91' lang='lat' dir='ltr'><strong>ubi</strong></span> <span class='ocrx_word' id='word_1_43' title='bbox 1401 585 1609 629; x_wconf 84' lang='lat' dir='ltr'><strong>meretrix</strong></span> 
     </span>
     <span class='ocr_line' id='line_1_7' title="bbox 209 652 1346 714; baseline 0 -14"><span class='ocrx_word' id='word_1_44' title='bbox 209 655 427 714; x_wconf 85' lang='lat' dir='ltr'><strong>quaedam</strong></span> <span class='ocrx_word' id='word_1_45' title='bbox 457 655 513 699; x_wconf 89' lang='lat' dir='ltr'><strong>de</strong></span> <span class='ocrx_word' id='word_1_46' title='bbox 544 654 696 711; x_wconf 88' lang='lat' dir='ltr'><strong>milite,</strong></span> <span class='ocrx_word' id='word_1_47' title='bbox 730 669 861 713; x_wconf 89' lang='lat' dir='ltr'><strong>quem</strong></span> <span class='ocrx_word' id='word_1_48' title='bbox 892 661 1022 711; x_wconf 88' lang='lat' dir='ltr'><strong>amat,</strong></span> <span class='ocrx_word' id='word_1_49' title='bbox 1049 654 1159 698; x_wconf 87' lang='lat' dir='ltr'><strong>haec</strong></span> <span class='ocrx_word' id='word_1_50' title='bbox 1190 652 1346 700; x_wconf 82' lang='lat' dir='ltr'><strong>refert:</strong></span> 
     </span>
    </p>

    <p class='ocr_par' dir='ltr' id='par_1_3' title="bbox 384 714 1164 780">
     <span class='ocr_line' id='line_1_8' title="bbox 384 714 1164 780; baseline -0.001 -13"><span class='ocrx_word' id='word_1_51' title='bbox 384 749 440 756; x_wconf 91' lang='lat'>—</span> <span class='ocrx_word' id='word_1_52' title='bbox 469 720 545 768; x_wconf 84' lang='grc' dir='ltr'><strong>διὰ</strong></span> <span class='ocrx_word' id='word_1_53' title='bbox 572 720 738 771; x_wconf 86' lang='grc' dir='ltr'><strong><em>παντὸς</em></strong></span> <span class='ocrx_word' id='word_1_54' title='bbox 768 714 891 772; x_wconf 70' lang='grc' dir='ltr'><strong><em>οὗτος</em></strong></span> <span class='ocrx_word' id='word_1_55' title='bbox 919 722 996 773; x_wconf 86' lang='grc' dir='ltr'><strong>τὰς</strong></span> <span class='ocrx_word' id='word_1_56' title='bbox 1025 721 1164 780; x_wconf 84' lang='grc' dir='ltr'><em>μάχας</em></span> 
     </span>
    </p>

    <p class='ocr_par' dir='ltr' id='par_1_4' title="bbox 378 786 1405 850">
     <span class='ocr_line' id='line_1_9' title="bbox 378 786 1405 850; baseline -0.003 -12"><span class='ocrx_word' id='word_1_57' title='bbox 378 790 565 849; x_wconf 83' lang='grc' dir='ltr'><strong><em>Ἔλεγεν,</em></strong></span> <span class='ocrx_word' id='word_1_58' title='bbox 594 787 777 837; x_wconf 76' lang='grc' dir='ltr'><strong><em>ἕδείκνυ’</em></strong></span> <span class='ocrx_word' id='word_1_59' title='bbox 807 786 897 849; x_wconf 76' lang='grc' dir='ltr'><strong>ἅμα</strong></span> <span class='ocrx_word' id='word_1_60' title='bbox 923 793 1056 849; x_wconf 79' lang='grc' dir='ltr'><strong><em>λέγων</em></strong></span> <span class='ocrx_word' id='word_1_61' title='bbox 1085 789 1141 836; x_wconf 85' lang='grc' dir='ltr'><strong>τὰ</strong></span> <span class='ocrx_word' id='word_1_62' title='bbox 1171 789 1405 850; x_wconf 80' lang='grc' dir='ltr'><strong><em>τραύματα.</em></strong></span> 
     </span>
    </p>

    <p class='ocr_par' dir='ltr' id='par_1_5' title="bbox 210 860 1612 1062">
     <span class='ocr_line' id='line_1_10' title="bbox 328 860 1612 921; baseline -0.002 -14"><span class='ocrx_word' id='word_1_63' title='bbox 328 862 608 907; x_wconf 84' lang='lat' dir='ltr'><strong>Conferenda</strong></span> <span class='ocrx_word' id='word_1_64' title='bbox 653 867 753 907; x_wconf 86' lang='lat' dir='ltr'><strong>sunt</strong></span> <span class='ocrx_word' id='word_1_65' title='bbox 795 868 1021 921; x_wconf 88' lang='lat' dir='ltr'><strong>praeterea</strong></span> <span class='ocrx_word' id='word_1_66' title='bbox 1072 861 1208 907; x_wconf 86' lang='lat' dir='ltr'><strong>verba</strong></span> <span class='ocrx_word' id='word_1_67' title='bbox 1256 860 1612 921; x_wconf 83' lang='lat' dir='ltr'><strong>Pyrgopolinicis</strong></span> 
     </span>
     <span class='ocr_line' id='line_1_11' title="bbox 212 928 1611 991; baseline -0.002 -15"><span class='ocrx_word' id='word_1_68' title='bbox 212 932 421 977; x_wconf 87' lang='lat' dir='ltr'><strong>ridiculae</strong></span> <span class='ocrx_word' id='word_1_69' title='bbox 461 932 738 990; x_wconf 81' lang='lat' dir='ltr'><strong>gloriationis</strong></span> <span class='ocrx_word' id='word_1_70' title='bbox 785 932 932 991; x_wconf 88' lang='lat' dir='ltr'><strong>plena,</strong></span> <span class='ocrx_word' id='word_1_71' title='bbox 980 932 1126 980; x_wconf 80' lang='lat' dir='ltr'><strong>Plaut.</strong></span> <span class='ocrx_word' id='word_1_72' title='bbox 1166 931 1261 976; x_wconf 86' lang='lat' dir='ltr'><strong>Mil.</strong></span> <span class='ocrx_word' id='word_1_73' title='bbox 1292 928 1348 976; x_wconf 89' lang='lat'><strong>13</strong></span> <span class='ocrx_word' id='word_1_74' title='bbox 1378 946 1444 989; x_wconf 89' lang='lat' dir='ltr'><strong>sq.</strong></span> <span class='ocrx_word' id='word_1_75' title='bbox 1491 929 1611 989; x_wconf 90' lang='lat' dir='ltr'><strong>(coll.</strong></span> 
     </span>
     <span class='ocr_line' id='line_1_12' title="bbox 210 997 1090 1062; baseline -0.001 -15"><span class='ocrx_word' id='word_1_76' title='bbox 210 997 269 1047; x_wconf 85' lang='grc'><strong>89</strong></span> <span class='ocrx_word' id='word_1_77' title='bbox 299 1005 405 1061; x_wconf 82' lang='lat' dir='ltr'><strong>sq.);</strong></span> <span class='ocrx_word' id='word_1_78' title='bbox 435 1016 516 1046; x_wconf 88' lang='lat' dir='ltr'><strong>nec</strong></span> <span class='ocrx_word' id='word_1_79' title='bbox 544 1016 634 1046; x_wconf 90' lang='lat' dir='ltr'><strong>non</strong></span> <span class='ocrx_word' id='word_1_80' title='bbox 665 1001 792 1060; x_wconf 88' lang='lat' dir='ltr'><strong>Epid.</strong></span> <span class='ocrx_word' id='word_1_81' title='bbox 825 1002 906 1050; x_wconf 85' lang='grc' dir='ltr'><strong>ΠΙ.</strong></span> <span class='ocrx_word' id='word_1_82' title='bbox 933 999 979 1062; x_wconf 28' lang='grc'><strong>,4,</strong></span> <span class='ocrx_word' id='word_1_83' title='bbox 1012 998 1090 1047; x_wconf 79' lang='lat'><strong>15:</strong></span> 
     </span>
    </p>

    <p class='ocr_par' dir='ltr' id='par_1_6' title="bbox 620 1071 1166 1116">
     <span class='ocr_line' id='line_1_13' title="bbox 620 1071 1166 1116; baseline -0.005 1"><span class='ocrx_word' id='word_1_84' title='bbox 620 1097 675 1103; x_wconf 92' lang='grc'><strong>--</strong></span> <span class='ocrx_word' id='word_1_85' title='bbox 704 1096 763 1103; x_wconf 94' lang='grc'>-</span> <span class='ocrx_word' id='word_1_86' title='bbox 792 1072 887 1116; x_wconf 91' lang='lat' dir='ltr'><strong>Imo</strong></span> <span class='ocrx_word' id='word_1_87' title='bbox 920 1072 957 1115; x_wconf 92' lang='lat' dir='ltr'><strong>si</strong></span> <span class='ocrx_word' id='word_1_88' title='bbox 988 1071 1166 1115; x_wconf 83' lang='lat' dir='ltr'><strong>audias:</strong></span> 
     </span>
    </p>

    <p class='ocr_par' dir='ltr' id='par_1_7' title="bbox 206 1137 1618 1878">
     <span class='ocr_line' id='line_1_14' title="bbox 329 1137 1527 1199; baseline 0 -17"><span class='ocrx_word' id='word_1_89' title='bbox 329 1137 450 1183; x_wconf 88' lang='lat' dir='ltr'><strong>Meas</strong></span> <span class='ocrx_word' id='word_1_90' title='bbox 481 1154 667 1198; x_wconf 80' lang='lat' dir='ltr'><strong>pugnas,</strong></span> <span class='ocrx_word' id='word_1_91' title='bbox 696 1140 838 1199; x_wconf 87' lang='lat' dir='ltr'><strong>fugias</strong></span> <span class='ocrx_word' id='word_1_92' title='bbox 868 1139 1071 1185; x_wconf 90' lang='lat' dir='ltr'><strong>manibus</strong></span> <span class='ocrx_word' id='word_1_93' title='bbox 1102 1139 1303 1184; x_wconf 88' lang='lat' dir='ltr'><strong>demissis</strong></span> <span class='ocrx_word' id='word_1_94' title='bbox 1333 1138 1527 1184; x_wconf 85' lang='lat' dir='ltr'><strong>domum.</strong></span> 
     </span>
     <span class='ocr_line' id='line_1_15' title="bbox 213 1208 1614 1267; baseline 0 -15"><span class='ocrx_word' id='word_1_95' title='bbox 213 1208 537 1267; x_wconf 88' lang='lat' dir='ltr'><strong>Saepenumero</strong></span> <span class='ocrx_word' id='word_1_96' title='bbox 568 1208 745 1267; x_wconf 90' lang='lat' dir='ltr'><strong>quidem</strong></span> <span class='ocrx_word' id='word_1_97' title='bbox 765 1216 929 1255; x_wconf 90' lang='lat' dir='ltr'><strong>tantum</strong></span> <span class='ocrx_word' id='word_1_98' title='bbox 955 1210 1091 1266; x_wconf 89' lang='lat' dir='ltr'><strong>abest,</strong></span> <span class='ocrx_word' id='word_1_99' title='bbox 1124 1217 1172 1254; x_wconf 89' lang='lat' dir='ltr'><strong>ut</strong></span> <span class='ocrx_word' id='word_1_100' title='bbox 1203 1225 1354 1254; x_wconf 90' lang='lat' dir='ltr'><strong>earum</strong></span> <span class='ocrx_word' id='word_1_101' title='bbox 1388 1225 1497 1267; x_wconf 90' lang='lat' dir='ltr'><strong>quas</strong></span> <span class='ocrx_word' id='word_1_102' title='bbox 1520 1209 1614 1267; x_wconf 90' lang='lat' dir='ltr'><strong>jac-</strong></span> 
     </span>
     <span class='ocr_line' id='line_1_16' title="bbox 214 1277 1616 1338; baseline 0 -18"><span class='ocrx_word' id='word_1_103' title='bbox 214 1283 310 1321; x_wconf 85' lang='lat' dir='ltr'><strong>tant</strong></span> <span class='ocrx_word' id='word_1_104' title='bbox 341 1292 485 1321; x_wconf 91' lang='lat' dir='ltr'><strong>rerum</strong></span> <span class='ocrx_word' id='word_1_105' title='bbox 515 1277 653 1323; x_wconf 90' lang='lat' dir='ltr'><strong>ullam</strong></span> <span class='ocrx_word' id='word_1_106' title='bbox 683 1279 967 1338; x_wconf 85' lang='lat' dir='ltr'><strong>perfecerint,</strong></span> <span class='ocrx_word' id='word_1_107' title='bbox 1017 1286 1066 1323; x_wconf 90' lang='lat' dir='ltr'><strong>ut</strong></span> <span class='ocrx_word' id='word_1_108' title='bbox 1096 1279 1290 1322; x_wconf 91' lang='lat' dir='ltr'><strong>omnium</strong></span> <span class='ocrx_word' id='word_1_109' title='bbox 1318 1279 1544 1322; x_wconf 91' lang='lat' dir='ltr'><strong>hominum</strong></span> <span class='ocrx_word' id='word_1_110' title='bbox 1573 1283 1616 1321; x_wconf 88' lang='lat' dir='ltr'><strong>et</strong></span> 
     </span>
     <span class='ocr_line' id='line_1_17' title="bbox 213 1346 1613 1407; baseline 0.001 -17"><span class='ocrx_word' id='word_1_111' title='bbox 213 1346 476 1391; x_wconf 89' lang='lat' dir='ltr'><strong>timidissimi</strong></span> <span class='ocrx_word' id='word_1_112' title='bbox 502 1354 545 1391; x_wconf 91' lang='lat' dir='ltr'><strong>et</strong></span> <span class='ocrx_word' id='word_1_113' title='bbox 574 1348 814 1393; x_wconf 82' lang='lat' dir='ltr'><strong>stultissimi</strong></span> <span class='ocrx_word' id='word_1_114' title='bbox 845 1350 945 1405; x_wconf 84' lang='lat' dir='ltr'><strong>sint,</strong></span> <span class='ocrx_word' id='word_1_115' title='bbox 993 1349 1068 1407; x_wconf 90' lang='lat' dir='ltr'><strong>qui</strong></span> <span class='ocrx_word' id='word_1_116' title='bbox 1099 1348 1219 1392; x_wconf 91' lang='lat' dir='ltr'><strong>nullo</strong></span> <span class='ocrx_word' id='word_1_117' title='bbox 1245 1349 1420 1405; x_wconf 87' lang='lat' dir='ltr'><strong>negotio</strong></span> <span class='ocrx_word' id='word_1_118' title='bbox 1450 1347 1507 1392; x_wconf 87' lang='lat' dir='ltr'><strong>ab</strong></span> <span class='ocrx_word' id='word_1_119' title='bbox 1538 1346 1613 1391; x_wconf 86' lang='lat' dir='ltr'><strong>ad-</strong></span> 
     </span>
     <span class='ocr_line' id='line_1_18' title="bbox 212 1416 1616 1477; baseline 0.001 -19"><span class='ocrx_word' id='word_1_120' title='bbox 212 1416 413 1460; x_wconf 88' lang='lat' dir='ltr'><strong>versariis</strong></span> <span class='ocrx_word' id='word_1_121' title='bbox 451 1431 541 1460; x_wconf 91' lang='lat' dir='ltr'><strong>non</strong></span> <span class='ocrx_word' id='word_1_122' title='bbox 570 1418 714 1462; x_wconf 88' lang='lat' dir='ltr'><strong>minus</strong></span> <span class='ocrx_word' id='word_1_123' title='bbox 743 1433 877 1477; x_wconf 89' lang='lat' dir='ltr'><strong>quam</strong></span> <span class='ocrx_word' id='word_1_124' title='bbox 903 1418 958 1462; x_wconf 89' lang='lat' dir='ltr'><strong>ab</strong></span> <span class='ocrx_word' id='word_1_125' title='bbox 989 1418 1143 1462; x_wconf 88' lang='lat' dir='ltr'><strong>amicis</strong></span> <span class='ocrx_word' id='word_1_126' title='bbox 1176 1416 1430 1461; x_wconf 89' lang='lat' dir='ltr'><strong>fraudentur</strong></span> <span class='ocrx_word' id='word_1_127' title='bbox 1466 1431 1520 1460; x_wconf 94' lang='lat' dir='ltr'><strong>ac</strong></span> <span class='ocrx_word' id='word_1_128' title='bbox 1552 1416 1616 1460; x_wconf 90' lang='lat' dir='ltr'><strong>lu-</strong></span> 
     </span>
     <span class='ocr_line' id='line_1_19' title="bbox 214 1477 1612 1535; baseline 0.002 -8"><span class='ocrx_word' id='word_1_129' title='bbox 214 1477 381 1529; x_wconf 83' lang='lat' dir='ltr'><strong>diberio</strong></span> <span class='ocrx_word' id='word_1_130' title='bbox 425 1485 679 1534; x_wconf 87' lang='lat' dir='ltr'><strong>habeantur.</strong></span> <span class='ocrx_word' id='word_1_131' title='bbox 756 1488 810 1531; x_wconf 92' lang='lat' dir='ltr'><strong>In</strong></span> <span class='ocrx_word' id='word_1_132' title='bbox 854 1488 963 1535; x_wconf 81' lang='lat' dir='ltr'><strong>Luc.</strong></span> <span class='ocrx_word' id='word_1_133' title='bbox 1002 1487 1120 1531; x_wconf 88' lang='lat' dir='ltr'><strong>Dial.</strong></span> <span class='ocrx_word' id='word_1_134' title='bbox 1153 1487 1233 1533; x_wconf 84' lang='lat' dir='ltr'><strong>IX.</strong></span> <span class='ocrx_word' id='word_1_135' title='bbox 1263 1483 1293 1531; x_wconf 87' lang='grc'>5</span> <span class='ocrx_word' id='word_1_136' title='bbox 1322 1486 1612 1531; x_wconf 87' lang='lat' dir='ltr'><strong>Philostratus</strong></span> 
     </span>
     <span class='ocr_line' id='line_1_20' title="bbox 206 1553 1616 1616; baseline 0.003 -19"><span class='ocrx_word' id='word_1_137' title='bbox 206 1554 385 1612; x_wconf 88' lang='lat' dir='ltr'><strong>juvenis</strong></span> <span class='ocrx_word' id='word_1_138' title='bbox 418 1555 542 1599; x_wconf 89' lang='lat' dir='ltr'><strong>militi</strong></span> <span class='ocrx_word' id='word_1_139' title='bbox 572 1557 712 1600; x_wconf 89' lang='lat' dir='ltr'><strong>minas</strong></span> <span class='ocrx_word' id='word_1_140' title='bbox 736 1559 921 1613; x_wconf 86' lang='lat' dir='ltr'><strong>jactanti</strong></span> <span class='ocrx_word' id='word_1_141' title='bbox 953 1555 1210 1616; x_wconf 84' lang='lat' dir='ltr'><strong>respondet:</strong></span> <span class='ocrx_word' id='word_1_142' title='bbox 1252 1553 1310 1604; x_wconf 72' lang='grc' dir='ltr'><strong>ὥς</strong></span> <span class='ocrx_word' id='word_1_143' title='bbox 1338 1557 1616 1614; x_wconf 80' lang='grc' dir='ltr'><em>βρεφυλλίοις</em></span> 
     </span>
     <span class='ocr_line' id='line_1_21' title="bbox 213 1617 1617 1685; baseline 0.002 -18"><span class='ocrx_word' id='word_1_144' title='bbox 213 1623 368 1679; x_wconf 86' lang='grc' dir='ltr'><strong><em>ταῦτα,</em></strong></span> <span class='ocrx_word' id='word_1_145' title='bbox 409 1617 443 1668; x_wconf 73' lang='grc' dir='ltr'><strong><em>ὦ</em></strong></span> <span class='ocrx_word' id='word_1_146' title='bbox 472 1624 750 1684; x_wconf 76' lang='grc' dir='ltr'><strong><em>μισθοφόρε,</em></strong></span> <span class='ocrx_word' id='word_1_147' title='bbox 794 1624 898 1684; x_wconf 70' lang='grc' dir='ltr'><strong>ἡμᾶν</strong></span> <span class='ocrx_word' id='word_1_148' title='bbox 937 1627 1073 1682; x_wconf 78' lang='grc' dir='ltr'><strong><em>λέγεις</em></strong></span> <span class='ocrx_word' id='word_1_149' title='bbox 1113 1626 1185 1670; x_wconf 80' lang='grc' dir='ltr'><strong>καὶ</strong></span> <span class='ocrx_word' id='word_1_150' title='bbox 1213 1624 1504 1685; x_wconf 75' lang='grc' dir='ltr'><strong><em>μορμολύττῃ.</em></strong></span> <span class='ocrx_word' id='word_1_151' title='bbox 1563 1621 1617 1670; x_wconf 80' lang='grc' dir='ltr'>σύ</span> 
     </span>
     <span class='ocr_line' id='line_1_22' title="bbox 214 1690 1618 1753; baseline 0.003 -17"><span class='ocrx_word' id='word_1_152' title='bbox 214 1690 296 1750; x_wconf 81' lang='grc' dir='ltr'><strong>γὰρ</strong></span> <span class='ocrx_word' id='word_1_153' title='bbox 341 1690 608 1752; x_wconf 77' lang='grc' dir='ltr'><strong><em>ἀλεκτρυόνα</em></strong></span> <span class='ocrx_word' id='word_1_154' title='bbox 640 1693 825 1739; x_wconf 82' lang='grc' dir='ltr'><strong><em>πώποτε</em></strong></span> <span class='ocrx_word' id='word_1_155' title='bbox 870 1690 1123 1743; x_wconf 78' lang='grc' dir='ltr'><strong><em>ἀπέκτεινας</em></strong></span> <span class='ocrx_word' id='word_1_156' title='bbox 1167 1690 1196 1753; x_wconf 83' lang='grc' dir='ltr'><em>ἢ</em></span> <span class='ocrx_word' id='word_1_157' title='bbox 1237 1692 1436 1752; x_wconf 76' lang='grc' dir='ltr'><strong><em>πόλεμον</em></strong></span> <span class='ocrx_word' id='word_1_158' title='bbox 1476 1691 1618 1745; x_wconf 72' lang='grc' dir='ltr'><strong><em>εἷδεςς</em></strong></span> 
     </span>
     <span class='ocr_line' id='line_1_23' title="bbox 214 1760 1616 1825; baseline 0.002 -20"><span class='ocrx_word' id='word_1_159' title='bbox 214 1761 314 1806; x_wconf 91' lang='lat' dir='ltr'><strong>Hae</strong></span> <span class='ocrx_word' id='word_1_160' title='bbox 363 1769 464 1825; x_wconf 89' lang='lat' dir='ltr'><strong>apte</strong></span> <span class='ocrx_word' id='word_1_161' title='bbox 513 1764 794 1808; x_wconf 82' lang='lat' dir='ltr'><strong>conferuntur</strong></span> <span class='ocrx_word' id='word_1_162' title='bbox 837 1780 936 1808; x_wconf 90' lang='lat' dir='ltr'><strong>cum</strong></span> <span class='ocrx_word' id='word_1_163' title='bbox 966 1765 1065 1811; x_wconf 83' lang='lat' dir='ltr'><strong>Ter.</strong></span> <span class='ocrx_word' id='word_1_164' title='bbox 1099 1763 1212 1807; x_wconf 87' lang='lat' dir='ltr'><strong>Eun.</strong></span> <span class='ocrx_word' id='word_1_165' title='bbox 1248 1760 1347 1820; x_wconf 84' lang='lat'><strong>785,</strong></span> <span class='ocrx_word' id='word_1_166' title='bbox 1399 1767 1485 1823; x_wconf 80' lang='lat' dir='ltr'><strong>qiio</strong></span> <span class='ocrx_word' id='word_1_167' title='bbox 1519 1763 1616 1808; x_wconf 86' lang='lat' dir='ltr'><strong>loeo</strong></span> 
     </span>
     <span class='ocr_line' id='line_1_24' title="bbox 217 1829 829 1878; baseline 0.007 -4"><span class='ocrx_word' id='word_1_168' title='bbox 217 1829 355 1875; x_wconf 88' lang='lat' dir='ltr'><strong>Thais</strong></span> <span class='ocrx_word' id='word_1_169' title='bbox 384 1831 572 1877; x_wconf 91' lang='lat' dir='ltr'><strong>militem</strong></span> <span class='ocrx_word' id='word_1_170' title='bbox 602 1833 829 1878; x_wconf 86' lang='lat' dir='ltr'><strong>describit:</strong></span> 
     </span>
    </p>

    <p class='ocr_par' dir='ltr' id='par_1_8' title="bbox 334 1900 1617 1961">
     <span class='ocr_line' id='line_1_25' title="bbox 334 1900 1617 1961; baseline -0.001 -15"><span class='ocrx_word' id='word_1_171' title='bbox 334 1901 450 1946; x_wconf 72' lang='lat' dir='ltr'><strong>Sane</strong></span> <span class='ocrx_word' id='word_1_172' title='bbox 480 1903 600 1961; x_wconf 87' lang='lat' dir='ltr'><strong>quod</strong></span> <span class='ocrx_word' id='word_1_173' title='bbox 627 1903 706 1948; x_wconf 89' lang='lat' dir='ltr'><strong>tibi</strong></span> <span class='ocrx_word' id='word_1_174' title='bbox 735 1919 855 1948; x_wconf 87' lang='lat' dir='ltr'><strong>nunc</strong></span> <span class='ocrx_word' id='word_1_175' title='bbox 884 1900 962 1949; x_wconf 66' lang='lat' dir='ltr'><strong>vir&#39;</strong></span> <span class='ocrx_word' id='word_1_176' title='bbox 986 1904 1188 1949; x_wconf 87' lang='lat' dir='ltr'><strong>videatur</strong></span> <span class='ocrx_word' id='word_1_177' title='bbox 1217 1904 1312 1948; x_wconf 73' lang='lat' dir='ltr'><strong>esse</strong></span> <span class='ocrx_word' id='word_1_178' title='bbox 1337 1902 1422 1958; x_wconf 87' lang='lat' dir='ltr'><strong>hic,</strong></span> <span class='ocrx_word' id='word_1_179' title='bbox 1452 1901 1617 1947; x_wconf 89' lang='lat' dir='ltr'><strong>nebulo</strong></span> 
     </span>
    </p>
   </div>
   <div class='ocr_carea' id='block_1_3' title="bbox 218 1975 1069 2090">
    <p class='ocr_par' dir='ltr' id='par_1_9' title="bbox 218 1975 1069 2090">
     <span class='ocr_line' id='line_1_26' title="bbox 774 1975 1069 2032; baseline 0.01 -15"><span class='ocrx_word' id='word_1_180' title='bbox 774 1975 960 2032; x_wconf 75' lang='lat' dir='ltr'><strong>magnus</strong></span> <span class='ocrx_word' id='word_1_181' title='bbox 991 1979 1069 2021; x_wconf 83' lang='lat' dir='ltr'><strong>est.</strong></span> 
     </span>
     <span class='ocr_line' id='line_1_27' title="bbox 218 2039 949 2090; baseline 0.003 -3"><span class='ocrx_word' id='word_1_182' title='bbox 218 2041 335 2087; x_wconf 87' lang='lat' dir='ltr'><strong>Add.</strong></span> <span class='ocrx_word' id='word_1_183' title='bbox 367 2041 507 2087; x_wconf 87' lang='lat' dir='ltr'><strong>Plaut.</strong></span> <span class='ocrx_word' id='word_1_184' title='bbox 538 2042 630 2089; x_wconf 82' lang='lat' dir='ltr'><strong>Mil.</strong></span> <span class='ocrx_word' id='word_1_185' title='bbox 664 2039 850 2087; x_wconf 84' lang='lat'>21—24.</span> <span class='ocrx_word' id='word_1_186' title='bbox 880 2040 949 2090; x_wconf 84' lang='grc'><strong>35.</strong></span> 
     </span>
    </p>
   </div>
   <div class='ocr_carea' id='block_1_4' title="bbox 857 2273 977 2335">
    <p class='ocr_par' dir='ltr' id='par_1_10' title="bbox 857 2273 977 2335">
     <span class='ocr_line' id='line_1_28' title="bbox 857 2273 977 2335; baseline -0.025 -13"><span class='ocrx_word' id='word_1_187' title='bbox 857 2273 904 2335; x_wconf 64' lang='grc' dir='ltr'><strong>ξ.</strong></span> <span class='ocrx_word' id='word_1_188' title='bbox 934 2273 977 2320; x_wconf 89' lang='lat'><strong>4.</strong></span> 
     </span>
    </p>
   </div>
   <div class='ocr_carea' id='block_1_5' title="bbox 223 2401 1622 2530">
    <p class='ocr_par' dir='ltr' id='par_1_11' title="bbox 223 2401 1622 2530">
     <span class='ocr_line' id='line_1_29' title="bbox 307 2401 1621 2460; baseline -0.001 -14"><span class='ocrx_word' id='word_1_189' title='bbox 307 2452 313 2456; x_wconf 3' lang='lat' dir='ltr'><strong>p</strong></span> <span class='ocrx_word' id='word_1_190' title='bbox 337 2403 408 2446; x_wconf 87' lang='lat' dir='ltr'><strong>De</strong></span> <span class='ocrx_word' id='word_1_191' title='bbox 437 2403 598 2460; x_wconf 89' lang='lat' dir='ltr'><strong>poesi</strong></span> <span class='ocrx_word' id='word_1_192' title='bbox 625 2402 850 2458; x_wconf 86' lang='lat' dir='ltr'><strong>tragica</strong></span> <span class='ocrx_word' id='word_1_193' title='bbox 868 2402 1092 2446; x_wconf 88' lang='lat' dir='ltr'><strong>Lucianus</strong></span> <span class='ocrx_word' id='word_1_194' title='bbox 1114 2417 1337 2460; x_wconf 86' lang='lat' dir='ltr'><strong>perpauca</strong></span> <span class='ocrx_word' id='word_1_195' title='bbox 1356 2401 1499 2447; x_wconf 88' lang='lat' dir='ltr'><strong>tradit.</strong></span> <span class='ocrx_word' id='word_1_196' title='bbox 1549 2401 1621 2445; x_wconf 86' lang='lat' dir='ltr'><strong>Ex</strong></span> 
     </span>
     <span class='ocr_line' id='line_1_30' title="bbox 223 2467 1622 2530; baseline 0 -16"><span class='ocrx_word' id='word_1_197' title='bbox 223 2467 535 2529; x_wconf 84' lang='lat' dir='ltr'><strong>antiquissimis</strong></span> <span class='ocrx_word' id='word_1_198' title='bbox 559 2471 711 2530; x_wconf 85' lang='lat' dir='ltr'><strong>poetis,</strong></span> <span class='ocrx_word' id='word_1_199' title='bbox 742 2470 1007 2530; x_wconf 87' lang='lat' dir='ltr'><strong>Thespidem</strong></span> <span class='ocrx_word' id='word_1_200' title='bbox 1039 2470 1137 2514; x_wconf 90' lang='lat' dir='ltr'><strong>dico</strong></span> <span class='ocrx_word' id='word_1_201' title='bbox 1166 2470 1418 2515; x_wconf 85' lang='lat' dir='ltr'><strong>Choerilum</strong></span> <span class='ocrx_word' id='word_1_202' title='bbox 1439 2470 1622 2527; x_wconf 83' lang='lat' dir='ltr'><strong>Phryni-</strong></span> 
     </span>
    </p>
   </div>
   <div class='ocr_carea' id='block_1_6' title="bbox 225 2567 501 2574">
    <p class='ocr_par' dir='ltr' id='par_1_12' title="bbox 225 2567 501 2574">
     <span class='ocr_line' id='line_1_31' title="bbox 225 2567 501 2574; baseline 0 551"><span class='ocrx_word' id='word_1_203' title='bbox 225 2567 501 2574; x_wconf 95' lang='lat' dir='ltr'><strong> </strong></span> 
     </span>
    </p>
   </div>
   <div class='ocr_carea' id='block_1_7' title="bbox 321 2609 1560 2703">
    <p class='ocr_par' dir='ltr' id='par_1_13' title="bbox 321 2609 1560 2703">
     <span class='ocr_line' id='line_1_32' title="bbox 321 2609 1560 2658; baseline -0.003 -11"><span class='ocrx_word' id='word_1_204' title='bbox 321 2613 356 2658; x_wconf 90' lang='lat'><strong>1)</strong></span> <span class='ocrx_word' id='word_1_205' title='bbox 381 2611 518 2657; x_wconf 83' lang='lat' dir='ltr'><strong>Operae</strong></span> <span class='ocrx_word' id='word_1_206' title='bbox 544 2612 700 2656; x_wconf 82' lang='lat' dir='ltr'><strong>pretium</strong></span> <span class='ocrx_word' id='word_1_207' title='bbox 726 2615 885 2646; x_wconf 77' lang='lat' dir='ltr'><strong>osteum</strong></span> <span class='ocrx_word' id='word_1_208' title='bbox 913 2610 1012 2645; x_wconf 86' lang='lat' dir='ltr'><strong>hisce</strong></span> <span class='ocrx_word' id='word_1_209' title='bbox 1037 2610 1200 2648; x_wconf 80' lang='lat' dir='ltr'><strong>conferre</strong></span> <span class='ocrx_word' id='word_1_210' title='bbox 1224 2609 1385 2656; x_wconf 76' lang='lat' dir='ltr'><strong>Aleiphr.</strong></span> <span class='ocrx_word' id='word_1_211' title='bbox 1402 2609 1477 2645; x_wconf 73' lang='lat'>111.</span> <span class='ocrx_word' id='word_1_212' title='bbox 1501 2609 1560 2644; x_wconf 80' lang='lat'><strong>36.</strong></span> 
     </span>
     <span class='ocr_line' id='line_1_33' title="bbox 1391 2670 1414 2703; baseline 0 0"><span class='ocrx_word' id='word_1_213' title='bbox 1391 2670 1414 2703; x_wconf 80' lang='lat'>3</span> 
     </span>
    </p>
   </div>
  </div>
 </body>
</html>
