1792 3125
869 191 931 241 ‘2⁹1

205 323 329 367 ciano
358 325 511 365 auctor
539 319 670 365 fuerit
699 321 763 364 sic
793 320 1021 367 scribenti:
1048 322 1255 373 πλοῦσιος
1283 320 1453 379 ἐγένετο
1481 322 1597 368 ἰδιό-

202 405 295 439 ταις
325 385 581 447 ἀνθρώποις
608 386 805 443 ἐγχανών.
865 389 1062 447 (Peregr.
1091 391 1210 435 Prot,
1239 406 1276 435 c.
1305 388 1391 447 13).

318 456 423 502 Vox
467 455 677 513 γεννάδας
721 458 804 501 etsi
847 472 1161 517 nonnunquam
1205 459 1326 518 apud
1368 460 1597 505 Platonem

202 528 374 585 legi-tur,
415 525 553 570 multo
582 531 730 570 tamen
755 526 929 585 saepius
963 526 1019 570 ab
1050 527 1347 586 Aristophane
1387 535 1453 574 est
1478 528 1599 574 adhi-

201 598 306 653 bita,
337 596 461 655 cujus
486 596 550 640 rei
582 594 788 655 exempla
806 595 1025 655 praebent
1050 596 1261 654 interppr.
1296 597 1354 641 ad
1371 598 1481 642 Ran.
1497 594 1595 646 179.

203 666 482 723 Quapropter
508 664 769 720 Lucianum‚
801 665 871 708 cui
900 664 978 708 illa
1002 680 1094 709 vox
1122 679 1213 708 non
1241 665 1385 709 minus
1415 667 1462 709 in
1490 667 1597 710 deli-

202 735 282 778 ciis
313 739 381 778 est
408 732 556 788 (Alex.
589 731 661 779 41.
693 733 805 780 Hist.
837 730 879 778 9.
908 729 979 779 33.
1008 733 1198 779 Charon.
1226 731 1296 781 21.
1325 734 1446 779 Dial.
1470 734 1597 783 Mort.

199 804 257 848 X.
292 800 379 856 13),
425 817 524 846 eam
570 802 626 845 ab
655 801 952 859 Aristophane
999 807 1245 846 mutuatum
1289 818 1384 847 esse
1415 803 1599 847 fortasse

201 869 451 918 credideris.

314 1355 541 1399 Hactenus
577 1355 634 1398 de
670 1354 983 1413 Aristophane:
1031 1361 1203 1414 praeter
1241 1370 1371 1413 quem
1403 1370 1461 1398 ex
1489 1357 1598 1399 anti-

199 1439 313 1485 quae
345 1423 597 1469 comoediae
625 1425 765 1483 poetis
796 1423 988 1484 Eupolin
1025 1440 1052 1470 a
1087 1423 1284 1470 Luciano
1317 1423 1457 1470 tribus
1488 1424 1599 1470 locis

200 1495 332 1550 (Piso.
364 1490 436 1538 25.
464 1494 553 1553 Bis·
572 1508 666 1537 ace.
696 1490 764 1539 33.
797 1494 911 1537 Adv.
940 1494 1039 1541 Ind.
1072 1491 1147 1549 27)
1178 1495 1523 1549 commemorari,
1556 1501 1600 1538 et

200 1565 262 1608 ita
291 1563 482 1623 quidem,
528 1568 577 1607 ut
623 1563 717 1622 ejus
763 1577 924 1607 nomen
962 1577 1134 1622 semper
1161 1577 1259 1607 cum
1290 1563 1598 1622 Aristophanis

192 1636 418 1693 jungatur,
439 1633 537 1691 jam
568 1647 704 1691 supra
729 1647 757 1676 a
786 1632 913 1676 nobis
935 1632 1206 1691 explicatum
1238 1639 1325 1676 est:
1351 1647 1440 1691 qua
1465 1647 1523 1676 ex
1552 1649 1600 1677 re

200 1702 377 1748 illorum
406 1701 605 1747 indolem
641 1701 733 1746 fere
763 1717 915 1761 parem
944 1716 971 1746 a
1000 1701 1197 1746 Luciano
1236 1716 1332 1746 esse
1356 1701 1600 1761 judicatam

201 1773 321 1815 clare
350 1777 549 1830 apparet.
609 1771 801 1814 Easdem
839 1772 955 1813 enim
996 1772 1179 1814 virtutes
1203 1764 1428 1814 Lu'cianus
1455 1773 1601 1815 existi-

201 1842 339 1885 mavit
370 1842 514 1885 inesse
543 1841 591 1884 in
619 1839 852 1898 Eupolide,
900 1854 1113 1884 summam
1142 1840 1381 1898 praecipue
1411 1840 1458 1883 in
1487 1839 1601 1884 deri·

201 1909 358 1953 dendis
390 1910 463 1954 vel
492 1910 764 1967 gravissimis
792 1908 1039 1952 hominibus
1068 1910 1159 1951 vim
1189 1909 1406 1952 comicam
1424 1912 1467 1963 ¹).
1515 1908 1599 1952 Fa-

201 1978 405 2025 bularum
450 1980 543 2039 ejus
589 1976 712 2023 solae
746 1976 930 2023 Βάπται
957 1978 1214 2022 nominatim
1250 1978 1528 2036 attinguntur
1554 1979 1617 2025 inv

202 2049 314 2092 Adv.
343 2048 442 2095 Ind.
473 2046 551 2093 27:
583 2063 671 2106 qua
701 2047 929 2091 comoedia
953 2049 1169 2106 juvenum
1197 2048 1473 2105 quorundam
1504 2046 1600 2090 libi-

202 2117 328 2161 dines
367 2132 592 2177 pravaque
645 2116 843 2162 facinora
888 2114 1075 2176 explosa
1117 2131 1215 2161 esse
1256 2116 1479 2161 Lucianus
1525 2115 1599 2161 illo

203 2201 335 2244 quem
363 2186 627 2244 protulimus
669 2186 765 2230 loco
797 2186 1037 2230 confirmat.

317 2253 456 2301 Multo
502 2255 641 2300 rarius
690 2254 911 2300 mediae
958 2254 1294 2301 comoediae
1338 2254 1599 2314 scriptorum

202 2325 428 2368 Lucianus
450 2326 719 2369 mentionem
739 2325 857 2371 facit.
918 2324 1188 2368 Alexidis
1216 2338 1378 2368 nomen
1406 2329 1528 2368 extat
1553 2325 1600 2367 in

202 2392 289 2438 Pro
308 2393 441 2453 Laps.
463 2391 505 2446 6,
534 2393 611 2439 ubi
638 2408 792 2440 versus
825 2394 917 2454 ejus
949 2409 1006 2439 ex
1034 2394 1192 2439 incerti
1221 2393 1410 2438 nominis
1430 2406 1599 2437 comoe-

299 2547 336 2590 1)
359 2545 415 2580 De
442 2544 631 2591 Eupolidis
669 2545 866 2582 acerbitate
900 2555 1014 2591 paene
1049 2545 1162 2580 ninia
1186 2543 1382 2590 disputavit
1408 2543 1597 2581 Mainake:

206 2603 300 2641 nist.
325 2605 406 2639 crit.
430 2614 466 2649 p.
492 2604 571 2640 109.
