1792 3125
891 147 948 212 12>

330 274 467 320 Vides
511 290 734 334 perpauca
761 275 1008 322 Lucianum
1050 275 1262 335 praebere
1307 276 1364 320 de
1406 277 1503 335 ipso
1541 277 1618 322 illo

213 352 356 404 poeta,
395 360 527 404 quem
556 343 891 402 diligentissima
920 346 1162 390 imitatione
1192 344 1248 389 ab
1279 361 1331 389 eo
1361 360 1619 404 expressum

214 430 310 459 esse
357 416 445 459 iam
491 414 737 472 exposituri
783 430 945 462 sumus.
1007 415 1109 470 Qua
1139 414 1317 474 quidem
1347 416 1394 458 in
1425 414 1618 474 disputa-

212 484 331 527 tione
377 483 746 542 proficiscendum
789 484 962 528 videtur
1006 485 1062 528 ab
1109 485 1360 529 imitationis
1402 486 1533 529 certis
1567 499 1623 529 ac

212 552 396 596 firmiter
426 553 631 597 stabilitis
663 552 894 611 exemplis,
929 552 1091 598 deinde
1108 552 1435 612 procedendum
1464 553 1521 598 ad
1550 568 1617 608 ea,

213 635 342 679 quae,
388 622 468 664 etsi
508 622 651 665 minus
683 627 802 665 certa
826 621 1053 675 videntur‚'
1088 628 1247 677 tamen,
1291 621 1369 665 ubi
1399 635 1500 664 cum
1530 621 1619 665 illis

213 689 512 743 conferuntur,
544 705 644 735 cum
676 706 847 736 summa
876 690 1197 750 probabilitatis
1228 690 1374 750 specie
1406 689 1494 735 huc
1521 705 1618 749 per-

212 760 365 807 tinent.
440 760 493 803 In
538 761 646 819 ipsis
688 765 835 805 autem
875 761 1008 806 rebus
1039 760 1344 806 enumerandis
1375 775 1402 803 a
1431 760 1617 818 singulis

212 829 547 888 progrediemur
580 829 639 875 ad
672 831 956 888 cogitationes
986 831 1329 890 Aristophaneas
1360 847 1388 875 a
1418 830 1617 875 Luciano

212 905 459 958 usurpatas.

896 1030 937 1060 a.

328 1106 595 1164 Pseudolog.
621 1104 681 1152 32
723 1106 1006 1151 Timarchum
1054 1106 1274 1151 hominem
1318 1107 1616 1165 turpissimum

212 1176 326 1219 dixit
355 1177 531 1225 κίναδος
556 1177 628 1220 καὶ
646 1173 936 1235 παιπάλημαε
964 1175 1082 1234 quod
1100 1182 1321 1235 sumptum
1351 1181 1419 1219 est
1446 1190 1503 1219 ex
1522 1174 1617 1218 Ari-

213 1246 354 1304 stoph.
393 1246 476 1290 Av.
506 1242 608 1291 430.
635 1243 742 1291 431:
784 1245 1068 1291 πυκνότατον
1099 1246 1286 1302 κίναδος,
1318 1282 1328 1294 .
1363 1281 1374 1293 .
1407 1281 1419 1294 .
1450 1245 1616 1291 παιπά-

211 1314 311 1373 λημ’
344 1312 468 1370 ὅλον,
502 1314 559 1362 cf.
589 1315 706 1358 Nub.
736 1312 836 1360 260.
866 1312 968 1359 448.

329 1383 576 1442 Lexiphan.
606 1381 664 1429 24
692 1384 914 1428 Lucianus
946 1384 1137 1427 amicum
1168 1378 1388 1443 quen‘dam
1422 1383 1615 1427 affectati

213 1453 390 1497 dicendi
420 1455 597 1511 generis
635 1453 1001 1497 studiosissimum
1027 1453 1157 1511 jubet
1193 1453 1381 1511 abjicere
1410 1449 1462 1497 τό
1492 1456 1615 1510 βρεν-

211 1522 409 1567 θύεσθαι
427 1522 461 1581 ¹)
491 1524 562 1567 καὶ
585 1523 865 1581 λαρυγγίζειν.
891 1523 1026 1566 Recte
1055 1521 1269 1567 Cobetus:
1302 1522 1423 1569 Orat.
1446 1522 1502 1566 de
1519 1525 1613 1567 Art.

211 1592 297 1635 Int.
326 1589 403 1636 42:
464 1595 557 1649 ηβρ.
608 1598 650 1635 et
692 1592 788 1649 λαρ.
839 1607 896 1635 ex
940 1592 1085 1648 prisco
1127 1591 1370 1635 Atticorum
1413 1605 1614 1635 sermone

212 1661 414 1718 sumpsit,
446 1667 681 1718 utrumque
710 1665 776 1704 est
805 1660 924 1718 apud
952 1660 1334 1717 Aristophanem.“
1362 1659 1482 1703 Illud
1510 1658 1615 1716 legi-

210 1735 283 1773 tur
312 1731 357 1773 in
371 1728 487 1775 Nub.
503 1725 604 1775 362.
633 1729 737 1772 Pac.
753 1726 825 1777 26.
854 1727 960 1788 Lys.
977 1725 1079 1782 887,
1110 1728 1294 1773 alterum
1320 1731 1366 1772 in
1384 1729 1495 1787 Equ.
1511 1724 1612 1774 358.

328 1796 607 1857 Ἀεροβατὲω
652 1799 708 1843 de
753 1805 894 1843 semet
939 1797 1167 1856 praedicat
1197 1799 1400 1843 Socrates
1446 1799 1493 1841 in
1537 1798 1612 1844 Ar.

209 1868 327 1912 Nub.
360 1864 469 1920 225,
515 1884 629 1927 quae
665 1868 845 1927 quidem
882 1883 972 1912 vox
1011 1867 1068 1911 ab
1103 1868 1399 1926 Aristophane
1429 1866 1615 1911 conficta

211 1938 371 1981 iterum
417 1937 577 1995 legitur
624 1939 670 1981 in
713 1937 821 1985 Luc,
857 1938 935 1981 Bis
965 1951 1055 1980 acc.
1085 1933 1158 1992 33,
1202 1935 1278 1980 ubi
1303 1937 1521 1994 Dialogus
1566 1950 1613 1979 se

212 2006 320 2049 dicit
339 2006 566 2064 hucusque
586 2007 721 2050 fuisse
750 2004 928 2064 ὑψηλὸν
960 2005 1050 2050 ἅνω
1079 2020 1169 2049 που
1199 2005 1285 2049 τῶν
1311 2006 1461 2061 νεφῶν
1490 2004 1613 2062 ἀερο-

210 2076 449 2132 βατοῦντας
481 2090 614 2133 porro
644 2075 730 2119 huc
759 2073 1040 2119 referendum
1072 2088 1168 2118 esse
1195 2078 1380 2133 apparet
1398 2073 1545 2120 Prom.
1564 2069 1611 2116 6:

310 2216 341 2259 1)
367 2215 420 2248 De
444 2225 535 2249 voce
558 2210 808 2264 βρενθύεσθαι
834 2214 1022 2249 verissime
1053 2213 1193 2256 judicat
1219 2213 1419 2250 Hemsterh.
1456 2212 1501 2247 ad
1525 2214 1613 2248 Luc.

209 2272 305 2308 Dial.
320 2274 465 2308 Meretr.
484 2273 530 2308 X.
555 2274 596 2308 8:
623 2283 769 2318 „eorum
793 2275 831 2308 in
857 2273 1004 2309 classem
1028 2272 1254 2308 referendum
1280 2275 1333 2307 est
1357 2272 1428 2307 hoc
1451 2271 1612 2316 verbum,

209 2341 301 2375 quae
325 2343 408 2366 raro
434 2332 480 2366 ab
508 2332 598 2376 ipsis
614 2332 800 2367 veteribus
817 2335 998 2377 usurpata,
1024 2333 1157 2376 quippe
1172 2334 1279 2365 notae
1293 2330 1467 2376 plebeiae,
1492 2340 1613 2365 recen-

209 2390 316 2424 tion-is
342 2391 422 2424 aevi
448 2390 644 2433 scriptores
667 2390 890 2433 frequentius
915 2389 1168 2424 excoluerunt:
1198 2388 1237 2422 id
1265 2387 1360 2422 enim
1385 2388 1531 2434 elegans
1554 2389 1613 2424 illi

208 2451 316 2492 atque
339 2447 520 2482 eruditum
545 2448 825 2490 arbitrabantur,
857 2448 890 2482 si
913 2448 1091 2483 vocabula
1120 2448 1158 2482 in
1183 2447 1318 2492 angulo
1342 2446 1498 2490 quodam
1522 2447 1613 2481 anti-

210 2506 360 2551 quitatis
386 2509 523 2539 remoto
549 2505 797 2541 delitescentia
828 2509 865 2540 et
895 2516 1023 2541 scenae
1053 2505 1217 2542 libertati
1241 2504 1448 2540 condensos
1472 2504 1611 2540 studio-

207 2565 281 2599 sius
308 2564 515 2599 eruerunt.“
