1792 3125
859 145 917 193 12

187 282 230 320 et
268 276 389 333 leges
420 277 735 334 grammaticae
768 282 815 328 et>
840 277 1049 320 metricae
1092 291 1192 319 cum
1221 275 1478 319 Archilochi
1507 291 1591 319 usu

186 347 295 390 mire
337 347 600 405 conspirent.
663 346 943 405 Quamquam
982 361 1076 390 rem
1113 345 1246 404 plane
1282 344 1340 389 ad
1378 344 1591 404 liquidum

186 415 367 473 perduci
398 430 528 473 posse
560 415 696 459 nolim
726 415 958 462 affirmare.

305 484 708 528 Stesichorum
749 484 1017 528 Arionem
1058 485 1475 528 Anacreontem
1504 482 1591 526 Lu-

187 554 339 596 cianus
389 554 436 596 in
465 553 568 596 Ver.
600 554 715 597 Hist.
744 553 804 599 11.
839 550 909 599 15.
940 554 1047 597 facit
1085 568 1184 597 cum
1215 553 1417 597 Eunomo
1435 554 1467 605 ι)
1506 551 1591 595 Lo-

187 623 332 666 crensi
380 620 640 679 ἐξάρχοντας
685 622 808 666 chori
849 624 896 666 in
939 622 1084 667 insula
1121 622 1346 666 beatorum
1379 621 1590 665 instituti:

187 707 275 751 qua
317 708 375 736 ex
415 707 463 735 re
501 691 601 735 illos
633 698 786 750 poetas
824 707 851 735 a
883 692 1079 737 Luciano
1111 693 1236 751 quasi
1266 692 1487 750 principes
1517 690 1592 733 du-

187 777 348 820 cesque
402 762 548 820 poesis
602 761 784 805 melicae
835 762 1009 807 habitos
1067 776 1163 805 esse
1211 763 1313 820 jure
1371 761 1590 819 conjiciaS.

186 831 365 875 Deinde
408 831 546 874 verbo
594 830 748 874 saltem
795 831 1031 874 dicendum
1076 831 1132 874 de
1170 830 1279 876 Luc.
1327 830 1446 873 Dial.
1474 829 1593 887 flMar.

187 900 312 944 VIII.
341 897 383 955 2,
424 900 501 943 ubi
532 900 681 955 Arion,
730 900 917 943 multum
958 914 1037 957 per
1074 906 1248 957 tempus
1286 900 1331 941 in
1362 898 1593 942 Periandri

188 969 290 1012 aula
319 975 520 1012 versatus
550 984 826 1027 magnasque
858 985 962 1027 opes
984 975 1152 1023 nactus,
1181 968 1414 1011 consilium
1444 968 1594 1011 iniisse

188 1044 394 1080 narratur
434 1037 580 1080 redire
611 1037 758 1082 οἴκαδε
787 1037 850 1086 εἷς
878 1036 959 1096 τὴν
990 1036 1259 1097 Μήθυμναν,
1305 1052 1403 1079 cum
1433 1035 1593 1094 reliqui

189 1122 353 1162 omnes,
400 1109 476 1165 qui
522 1108 681 1150 miram
727 1108 821 1165 ejus
854 1108 1179 1164 navigationem
1220 1105 1400 1150 tradunt
1414 1108 1460 1159 2),
1504 1121 1594 1149 non

189 1175 400 1219 Corintho
421 1176 732 1234 Methymnam,
766 1176 843 1219 sed
864 1192 918 1219 ex
939 1176 1067 1219 Italia
1088 1175 1344 1219 Corinthum
1377 1189 1477 1217 eum
1498 1189 1594 1232 pro-

187 1245 351 1288 fectum
391 1260 486 1288 esse
525 1245 730 1292 referant.
790 1245 1009 1304 Equidem
1051 1251 1100 1289 ut
1141 1244 1279 1287 libere
1310 1258 1423 1302 quae
1456 1244 1593 1288 sentio

186 1314 409 1372 proferam
442 1329 516 1358 eos
558 1330 648 1358 non
685 1321 802 1358 recte
841 1314 1044 1373 judicare
1075 1314 1289 1369 existimo,
1334 1314 1410 1372 qui
1439 1312 1595 1356 Lucia-

186 1399 293 1427 num
324 1399 380 1426 ex
413 1384 503 1427 alio
536 1384 726 1442 quodam
758 1384 878 1427 fonte
907 1384 1101 1427 hausisse
1133 1388 1335 1441 putantes
1380 1382 1463 1426 hoc
1497 1382 1593 1426 loco

187 1454 255 1495 usi
287 1459 389 1495 sunt
420 1453 477 1494 ad
509 1453 721 1509 hymnum
751 1453 930 1495 Arionis
958 1453 1013 1495 ab
1040 1452 1136 1495 Ael.
1166 1452 1277 1496 Hist.
1306 1451 1392 1495 An.
1414 1451 1518 1505 XII,
1536 1449 1596 1494 45

188 1526 409 1564 servatum
437 1522 483 1563 in
512 1521 806 1578 suspicionem
832 1520 1082 1564 vocandum
1093 1521 1140 1574 ³),
1172 1520 1249 1564 sed
1280 1521 1424 1578 potius
1456 1519 1595 1563 credi-

189 1590 329 1631 derim
361 1604 530 1631 errasse
560 1589 820 1643 Lucianum‚
856 1604 987 1646 quem
1018 1591 1063 1632 in
1088 1589 1313 1632 tradendis
1347 1589 1595 1632 nominibus

189 1657 410 1701 interdum
442 1673 657 1701 summam
689 1658 903 1701 incuriam
934 1658 1184 1701 exhibuisse
1213 1659 1365 1716 paucis
1396 1657 1595 1716 probabo

188 1727 420 1785 exemplis.
498 1727 585 1770 Pro
616 1727 747 1771 Mero.
792 1727 919 1770 cond.
964 1725 994 1772 5
1037 1728 1231 1771 narratio
1278 1727 1496 1785 quaedam
1542 1727 1597 1770 de

189 1795 428 1854 Cleopatra
468 1802 636 1851 exstat,
681 1811 795 1853 quae
828 1796 1004 1854 quidem
1044 1798 1091 1839 in
1124 1797 1236 1842 Pisc.
1267 1794 1324 1841 36
1353 1796 1410 1839 ad
1442 1812 1594 1853 regem

188 1865 410 1923 quendam
449 1864 646 1923 Aegypti
689 1865 886 1909 refertur.
959 1868 1027 1907 De
1057 1865 1171 1911 Hist.
1201 1863 1260 1910 35
1300 1865 1356 1908 de
1381 1865 1596 1908 Perdicca

189 1933 347 1977 eadem
379 1941 629 1989 narrantur,
669 1949 783 1992 quae
815 1934 927 1976 Icar.
959 1931 1015 1978 15
1055 1934 1110 1976 de
1152 1934 1258 1980 Salt.
1283 1931 1342 1979 58
1390 1934 1592 1977 Calumn.

188 2001 246 2047 14
277 2002 462 2047 Seleuco
492 2003 706 2047 accidisse
733 2003 978 2047 traduntur.
1054 2003 1126 2047 De
1146 2003 1261 2047 Hist.
1283 2001 1340 2048 12
1369 2003 1594 2047 Lucianus

187 2072 432 2115 Aristobuli
475 2087 636 2115 nomen
678 2073 827 2129 posuit
866 2087 946 2130 pro
983 2072 1233 2127 Onesicriti‚
1264 2072 1318 2117 cf.
1350 2073 1502 2115 Herm.
1538 2071 1595 2115 ad

187 2140 215 2187 l.
250 2167 300 2172 —
347 2140 401 2184 In
430 2141 547 2184 Dial.
580 2140 708 2185 Mort.
741 2141 820 2187 IX.
854 2138 884 2185 2
924 2140 1078 2185 Phaon
1114 2148 1314 2185 narratur
1354 2140 1411 2185 ab
1450 2139 1595 2184 insula

285 2330 317 2371 1)
344 2328 397 2362 cf.
424 2327 614 2361 Weloker:
641 2328 699 2360 Kl.
724 2327 824 2360 Schr.
850 2328 878 2360 Ι.
903 2339 936 2371 p.
964 2329 1028 2361 177
1055 2330 1091 2360 et
1115 2328 1197 2360 205.

281 2388 318 2427 2)
349 2384 484 2420 Herod.
509 2385 538 2418 I.
563 2385 608 2418 23
635 2394 699 2428 sq„
735 2385 896 2418 translat.
932 2384 977 2418 ab
1004 2384 1097 2417 Gen.
1126 2384 1224 2417 XVI.
1258 2385 1311 2419 19.
1347 2383 1416 2418 Ov.
1440 2384 1522 2418 fast.
1547 2384 1594 2417 11.

187 2445 233 2478 82
263 2454 314 2486 sq.
363 2444 459 2478 Plut.
486 2443 582 2488 Sept.
608 2443 691 2487 Sap.
717 2443 866 2477 Conviv.
896 2444 951 2487 18,
977 2442 1041 2475 alii
1066 2442 1229 2476 seriorem

283 2502 318 2544 3)
344 2499 530 2544 Hymnum
555 2511 628 2534 non
654 2510 729 2533 esse
754 2500 900 2534 Arionis
916 2509 1126 2544 persuasum
1152 2499 1342 2533 habemus:
1372 2500 1434 2533 sed
1450 2500 1503 2532 nil
1521 2499 1594 2533 col-

187 2557 372 2603 ligendum
399 2569 480 2594 esse
506 2570 526 2594 e
553 2558 705 2594 Luciani
731 2558 1004 2593 narratiuncula
1029 2556 1289 2593 contendimus.
