1792 3125
862 112 925 172 ‘26

309 252 652 312 Leon-ophidem
687 254 912 298 hominem
941 267 1139 298 macrum
1168 259 1212 300 et
1240 254 1402 300 exilem
1429 254 1594 313 Aristo-

191 322 360 380 phanes
391 323 652 381 perstringit
681 323 765 367 Av.
792 320 922 378 1406,
967 323 1155 367 eundem
1186 324 1409 369 Lucianus
1449 325 1497 367 in
1522 324 1594 369 De

191 390 306 434 Hist.
337 404 482 435 conse.
513 387 586 447 34,
630 393 706 451 qui
737 397 885 435 tamen
914 406 1021 434 num
1051 387 1194 451 hujus*
1209 394 1275 436 rei
1304 394 1503 437 notitiam
1535 408 1593 437 ex

191 458 487 517 Aristophane
518 461 725 512 hauserit,
766 461 977 503 incertum
1008 466 1075 504 est
1105 475 1158 504 ea
1187 461 1244 504 de
1275 470 1443 517 caussa,
1474 462 1593 521 quod

191 533 420 586 praeterea
460 544 550 574 non
584 528 727 573 solum
756 528 1070 589 Theopompus
1117 531 1307 575 comicus
1346 529 1591 586 (Meinecke

190 597 349 654 fragm,
375 612 487 646 com.
521 599 580 642 11.
612 596 716 655 800)
747 599 825 642 sed
856 599 986 642 etiam
1014 598 1287 657 Hermippus
1318 600 1394 654 (ib.
1425 615 1467 658 p.
1489 597 1593 653 393)

189 663 309 709 illius
338 666 529 711 hominis
560 667 826 711 mentionem
855 667 1034 713 faciunt.

306 735 492 779 Prorsus
523 736 642 779 idem
673 736 966 794 judicandum
1012 743 1080 781 est
1121 737 1178 779 de
1218 737 1355 780 verbo
1388 738 1593 794 σπαθάω,

190 802 309 862 quod
355 802 412 847 ab
442 803 738 864 Aristophane
783 804 844 848 ita
878 805 1096 864 usurpari,
1141 810 1191 849 ut
1221 804 1435 863 significet
1466 820 1593 863 „con-

190 887 375 928 sumere,
401 873 659 931 dissipare“‚
689 889 841 917 omnes
864 875 1020 926 sciunt,
1048 874 1104 920 cf.
1124 874 1240 920 Nub.
1259 873 1318 919 54
1336 877 1381 930 ¹).
1422 875 1593 919 Eadem

188 955 295 985 vero
342 941 605 1000 significatio
659 957 760 986 cum
806 947 1035 1002 praeterea
1076 942 1427 1002 deprehendatur
1473 944 1593 1003 apud

189 1010 423 1068 Diphilum
453 1012 499 1055 in
528 1012 686 1069 fragm.
720 1013 777 1055 ab
809 1012 972 1057 Athen.
999 1012 1099 1058 VII.
1126 1009 1231 1057 291¹
1261 1019 1448 1069 servato,
1481 1014 1593 1071 diju-

189 1078 329 1122 dicari
370 1079 494 1123 nullo
538 1086 667 1139 pacto
707 1086 867 1139 potest,
913 1079 1033 1123 unde
1073 1095 1203 1124 usum
1233 1080 1362 1125 illum
1393 1081 1593 1125 didicerit

187 1146 423 1205 Lucianus‚
454 1150 578 1208 cujus
611 1150 655 1194 hi
688 1155 790 1194 sunt
820 1149 929 1194 loci:
961 1149 1106 1198 Prom.
1137 1165 1170 1194 s.
1203 1149 1336 1196 Gauc.
1367 1147 1438 1196 19.
1472 1150 1590 1196 Gall·

185 1211 257 1260 29.
284 1217 411 1264 Luct.
443 1217 513 1265 17.
546 1218 642 1262 Cat.
673 1214 746 1263 20.

303 1289 476 1346 Λημᾶν
506 1286 781 1337 κολοκύνταις
821 1288 868 1331 in
897 1287 1059 1332 Nubib.
1091 1283 1178 1332 329
1208 1287 1367 1331 dicitur
1400 1288 1451 1342 is,
1499 1290 1590 1346 qui,

189 1370 291 1401 cum
323 1357 416 1414 ejus
449 1356 567 1401 oculi
597 1355 728 1400 rebus
757 1357 900 1400 visum
921 1355 1263 1417 impedientibus
1292 1355 1464 1415 impleti
1486 1356 1587 1411 sint,

186 1425 249 1469 nil
294 1428 472 1471 omnino
521 1428 669 1472 cernit.
728 1427 900 1470 Locum
945 1425 1072 1470 illum
1119 1426 1274 1470 leviter
1313 1428 1589 1470 immutatum

186 1495 334 1538 nescio
365 1510 422 1539 an
448 1495 673 1539 Lucianus
702 1496 896 1539 imitatus
927 1495 995 1550 sit,
1037 1496 1083 1538 in
1114 1494 1266 1539 libello
1299 1495 1376 1555 qui
1407 1501 1472 1538 est
1501 1493 1589 1538 Ad-

186 1578 301 1607 vers.
332 1564 503 1611 Indoct.
532 1562 592 1609 23
626 1566 688 1609 sic
719 1565 936 1610 scribens:
992 1597 1003 1607 .
1036 1600 1047 1611 .
1078 1563 1127 1608 εἴ
1149 1579 1195 1620 γε
1224 1564 1289 1623 μὴ
1317 1563 1493 1623 χύτραις
1518 1565 1589 1622 λη-

183 1631 352 1688 μῶντος
380 1633 647 1690 τυγχάνοιεν.

297 1698 531 1759 Ἐγχᾶσκω,
566 1703 686 1761 quod
716 1706 894 1762 proprie
920 1710 986 1748 est
1016 1709 1192 1781 „aperto
1225 1718 1301 1747 ore
1321 1703 1491 1761 aliquid
1510 1719 1586 1763 ap-

185 1772 379 1830 petere“‚
427 1778 602 1831 sumpta
629 1772 914 1816 translatione
950 1771 1008 1815 ab
1048 1772 1198 1816 avium
1238 1771 1370 1830 pullis
1401 1771 1496 1816 cibo
1526 1774 1587 1816 in-

184 1840 422 1895 hiantibus,
462 1841 692 1899 permultis
721 1840 1031 1899 Aristophanis
1062 1840 1170 1884 locis
1200 1841 1471 1898 significat„
1475 1842 1587 1886 deri-

185 1908 290 1952 dere
324 1923 377 1952 ac
404 1924 486 1969 pro
518 1910 710 1954 ludibrio
742 1909 947 1967 habere“‚
980 1909 1034 1956 cf,
1056 1909 1198 1954 Teuff.
1225 1907 1296 1957 ad
1317 1909 1434 1957 Nub.
1458 1907 1585 1956 1436.

183 1978 364 2023 Praeter
394 1967 736 2038 Aristophanem
778 1996 922 2032 nemo,
969 1981 1016 2023 ni
1056 1981 1339 2024 vehementer
1369 1995 1481 2036 erro,
1529 1996 1586 2025 ex

184 2047 404 2107 prioribus
445 2049 728 2109 scriptoribus
769 2049 853 2094 hac
883 2049 1199 2108 significatione
1236 2049 1406 2108 possuit
1431 2063 1585 2094 vocem

184 2119 269 2162 nisi
312 2118 500 2176 Eupolis
540 2121 586 2162 in
631 2119 918 2164 celeberrima
963 2119 1185 2178 parabasi,
1233 2134 1365 2177 quam
1412 2120 1586 2178 scripsit

182 2186 469 2246 Aristophani
498 2188 653 2244 amico,
693 2187 805 2247 Equ.
837 2184 974 2233 1313:
1032 2183 1082 2231 οὗ
1109 2187 1189 2246 γὰρ
1226 2183 1351 2247 ἡμῶν
1379 2202 1425 2244 γε
1456 2198 1585 2247 στρα-

181 2256 325 2315 τηγῶν
353 2254 613 2313 ἐγχανεῖται,
631 2259 684 2316 τῇ
727 2255 870 2302 πόλει.
946 2258 1146 2302 Dubium
1178 2258 1324 2315 igitur,
1369 2264 1466 2302 uter
1494 2258 1583 2301 Lu·

279 2422 315 2463 1)
338 2418 490 2465 Recepit
516 2419 614 2455 hunc
638 2420 740 2456 vocis
773 2429 879 2456 usum
909 2420 1108 2466 Alciphron
1133 2419 1388 2465 Aristophanis
1420 2420 1583 2456 imitator

181 2476 484 2514 studiosissimus.-
507 2478 553 2513 ef.
577 2478 644 2513 111.
668 2480 732 2514 34:
762 2477 899 2525 Τίμων
922 2506 932 2517 .
957 2504 969 2516 .
995 2504 1009 2525 ,
1036 2471 1079 2523 ὃς
1103 2476 1141 2515 ἐκ
1167 2475 1356 2515 πλουσίου
1379 2474 1581 2523 σπαθήσας

180 2530 252 2582 τὴν
279 2534 405 2575 οἰκίαν
428 2563 438 2574 .
465 2561 475 2572 .
499 2535 546 2580 εἰς
573 2532 738 2588 ἀπορίαν
762 2533 963 2584 συνηλάθη
987 2541 1023 2574 et
1046 2537 1113 2573 111.
1141 2538 1199 2583 50,
1225 2539 1258 2573 1.
1282 2536 1341 2583 6⁵,
1363 2538 1399 2574 2.
